<record><header><identifier>oai:alma.41SLSP_UGE:991000045209705502</identifier><datestamp>2023-11-25T01:41:06Z</datestamp><setSpec>uge_bcen_RapidILL_BOOK</setSpec><setSpec>uge_aaca_RapidILL_BOOK</setSpec><setSpec>uge_abels_RapidILL_BOOK</setSpec><setSpec>uge_dbu_RapidILL_BOOK</setSpec><setSpec>uge_cmu_RapidILL_BOOK</setSpec><setSpec>uge_mail_RapidILL_BOOK</setSpec><setSpec>uge_abbat_RapidILL_BOOK</setSpec><setSpec>UNIGE_ALL</setSpec><setSpec>uge_aobs_RapidILL_BOOK</setSpec><setSpec>uge_acar_RapidILL_BOOK</setSpec></header><metadata>
<record xmlns="http://www.loc.gov/MARC21/slim" xmlns:xsi="http://www.w3.org/2001/XMLSchema-instance" xsi:schemaLocation="http://www.loc.gov/MARC21/slim http://www.loc.gov/standards/marcxml/schema/MARC21slim.xsd"><leader>02924nam a2200625 c 4500</leader><controlfield tag="001">991000045209705502</controlfield><controlfield tag="005">20230629184158.0</controlfield><controlfield tag="008">201011t19981998sz ||||| |||| 10| ||fre d</controlfield><datafield ind1=" " ind2=" " tag="020"><subfield code="a">3719017443</subfield></datafield><datafield ind1=" " ind2=" " tag="035"><subfield code="a">(swissbib)216718880-41slsp_network</subfield></datafield><datafield ind1=" " ind2=" " tag="035"><subfield code="a">216718880</subfield><subfield code="9">ExL</subfield></datafield><datafield ind1=" " ind2=" " tag="035"><subfield code="a">(RERO)R233790860-41slsp</subfield></datafield><datafield ind1=" " ind2=" " tag="035"><subfield code="a">(IDSBB)001561433DSV01</subfield></datafield><datafield ind1=" " ind2=" " tag="035"><subfield code="a">(ALEX)bv80018507</subfield></datafield><datafield ind1=" " ind2=" " tag="035"><subfield code="a">(EXLNZ-41SLSP_NETWORK)991050503539705501</subfield></datafield><datafield ind1=" " ind2=" " tag="040"><subfield code="a">RERO neubfd</subfield><subfield code="d">CH-ZuSLS</subfield></datafield><datafield ind1=" " ind2=" " tag="044"><subfield code="a">sz</subfield><subfield code="c">ch-bs</subfield></datafield><datafield ind1=" " ind2="7" tag="072"><subfield code="a">dr</subfield><subfield code="2">rero</subfield></datafield><datafield ind1=" " ind2="7" tag="072"><subfield code="a">sg</subfield><subfield code="2">SzZuIDS BS/BE</subfield></datafield><datafield ind1=" " ind2="7" tag="072"><subfield code="a">po</subfield><subfield code="2">SzZuIDS BS/BE</subfield></datafield><datafield ind1="1" ind2="4" tag="082"><subfield code="a">320</subfield><subfield code="2">15</subfield></datafield><datafield ind1="1" ind2="4" tag="082"><subfield code="a">949.4</subfield><subfield code="2">15</subfield></datafield><datafield ind1=" " ind2=" " tag="084"><subfield code="a">CA/CH 35 g</subfield><subfield code="2">cjurrom</subfield></datafield><datafield ind1=" " ind2=" " tag="084"><subfield code="a">CA/CH 35.0 g</subfield><subfield code="2">cjurrom</subfield></datafield><datafield ind1="1" ind2=" " tag="100"><subfield code="a">Aubert, Jean-François</subfield><subfield code="d">1931-....</subfield><subfield code="0">(IDREF)031934897</subfield><subfield code="4">cre</subfield></datafield><datafield ind1="1" ind2="0" tag="245"><subfield code="a">&lt;&lt;L'&gt;&gt;Assemblée fédérale suisse, 1848-1998</subfield><subfield code="c">Jean-François Aubert ; [publ. par les Services du Parlement pour le jubilé &quot;150 ans de l'Assemblée fédérale suisse&quot; 1998]</subfield></datafield><datafield ind1="1" ind2=" " tag="246"><subfield code="a">Souvenir de la première législature de l'Assemblée fédérale suisse (du 6 novembre 1848 jusqu'au 30 novembre 1851)</subfield></datafield><datafield ind1=" " ind2="1" tag="264"><subfield code="a">Basel</subfield><subfield code="b">Helbing &amp; Lichtenhahn</subfield><subfield code="c">[1998]</subfield></datafield><datafield ind1=" " ind2="4" tag="264"><subfield code="c">© 1998</subfield></datafield><datafield ind1=" " ind2=" " tag="300"><subfield code="a">159 p.</subfield><subfield code="b">ill.</subfield><subfield code="c">20 x 26 cm</subfield></datafield><datafield ind1=" " ind2=" " tag="336"><subfield code="b">txt</subfield><subfield code="2">rdacontent</subfield></datafield><datafield ind1=" " ind2=" " tag="337"><subfield code="b">n</subfield><subfield code="2">rdamedia</subfield></datafield><datafield ind1=" " ind2=" " tag="338"><subfield code="b">nc</subfield><subfield code="2">rdacarrier</subfield></datafield><datafield ind1=" " ind2=" " tag="500"><subfield code="a">L'emboîtage porte en plus en fac-similé: Souvenir de la première législature de l'Assemblée fédérale suisse (du 6 novembre 1848 jusqu'au 30 novembre 1851)</subfield></datafield><datafield ind1=" " ind2=" " tag="500"><subfield code="a">Deutsche Fassung: Die Schweizerische Bundesversammlung von 1848 bis 1998</subfield></datafield><datafield ind1=" " ind2=" " tag="500"><subfield code="a">English version: The Swiss Federal Assembly, 1848-1998</subfield></datafield><datafield ind1=" " ind2=" " tag="500"><subfield code="a">Publ. pour le jubilé &quot;150 ans de l'Assemblée fédérale suisse&quot; 1998</subfield></datafield><datafield ind1=" " ind2=" " tag="500"><subfield code="a">Titel der dt. Ausg.: Die Schweizerische Bundesversammlung von 1848 bis 1998</subfield></datafield><datafield ind1=" " ind2=" " tag="500"><subfield code="a">Titel der engl. Ausg.: The Swiss Federal Assembly, 1848-1998</subfield></datafield><datafield ind1=" " ind2=" " tag="504"><subfield code="a">Bibliogr.: p. 151-159</subfield></datafield><datafield ind1="8" ind2=" " tag="520"><subfield code="a">Avec plusieurs photographies de conseillers nationaux ou fédéraux vaudois.</subfield><subfield code="5">RERO/labcur/05.1999</subfield></datafield><datafield ind1="2" ind2="7" tag="610"><subfield code="a">Suisse</subfield><subfield code="b">Assemblée fédérale</subfield><subfield code="0">(IDREF)031978339</subfield><subfield code="2">idref</subfield></datafield><datafield ind1="1" ind2="7" tag="610"><subfield code="a">Schweiz</subfield><subfield code="b">Bundesversammlung</subfield><subfield code="0">(DE-588)1010290-5</subfield><subfield code="2">gnd</subfield></datafield><datafield ind1=" " ind2="7" tag="648"><subfield code="a">Geschichte 1848-1998</subfield><subfield code="2">gnd</subfield></datafield><datafield ind1=" " ind2="7" tag="650"><subfield code="a">Parlament</subfield><subfield code="9">ger</subfield><subfield code="0">(RERO)jurivoc000016834ger</subfield><subfield code="2">jurivoc</subfield></datafield><datafield ind1=" " ind2="7" tag="650"><subfield code="a">Bundesbehörde</subfield><subfield code="9">ger</subfield><subfield code="0">(RERO)jurivoc000004669ger</subfield><subfield code="2">jurivoc</subfield></datafield><datafield ind1=" " ind2="7" tag="650"><subfield code="a">Bundesversammlung</subfield><subfield code="9">ger</subfield><subfield code="0">(RERO)jurivoc000004913ger</subfield><subfield code="2">jurivoc</subfield></datafield><datafield ind1=" " ind2="7" tag="650"><subfield code="a">1848-1998</subfield><subfield code="2">rero</subfield></datafield><datafield ind1=" " ind2="7" tag="650"><subfield code="a">Parlements</subfield><subfield code="0">(IDREF)027682307</subfield><subfield code="2">idref</subfield></datafield><datafield ind1=" " ind2="7" tag="650"><subfield code="a">Parlament</subfield><subfield code="z">Schweiz</subfield><subfield code="y">Geschichte 19. Jh</subfield><subfield code="2">idsbb</subfield></datafield><datafield ind1=" " ind2="7" tag="650"><subfield code="a">Parlament</subfield><subfield code="z">Schweiz</subfield><subfield code="y">Geschichte 20. Jh</subfield><subfield code="2">idsbb</subfield></datafield><datafield ind1=" " ind2="7" tag="650"><subfield code="a">Wahlsystem</subfield><subfield code="z">Schweiz</subfield><subfield code="y">Geschichte 19. Jh</subfield><subfield code="2">idsbb</subfield></datafield><datafield ind1=" " ind2="7" tag="650"><subfield code="a">Wahlsystem</subfield><subfield code="z">Schweiz</subfield><subfield code="y">Geschichte 20. Jh</subfield><subfield code="2">idsbb</subfield></datafield><datafield ind1=" " ind2="7" tag="651"><subfield code="a">Schweiz</subfield><subfield code="9">ger</subfield><subfield code="0">(RERO)jurivoc000019912ger</subfield><subfield code="2">jurivoc</subfield></datafield><datafield ind1=" " ind2="7" tag="651"><subfield code="a">Suisse</subfield><subfield code="0">(IDREF)027249654</subfield><subfield code="2">idref</subfield></datafield><datafield ind1="1" ind2=" " tag="710"><subfield code="a">Schweiz</subfield><subfield code="b">Parlamentsdienste</subfield><subfield code="0">(DE-588)2115113-1</subfield></datafield><datafield ind1="1" ind2=" " tag="710"><subfield code="a">Suisse</subfield><subfield code="b">Services du Parlement</subfield><subfield code="0">(RERO)A000157983</subfield></datafield></record>
</metadata></record>