<record><header><identifier>oai:alma.41SLSP_UGE:991000045719705502</identifier><datestamp>2023-03-01T01:09:17Z</datestamp><setSpec>uge_bcen_RapidILL_BOOK</setSpec><setSpec>uge_aaca_RapidILL_BOOK</setSpec><setSpec>uge_abels_RapidILL_BOOK</setSpec><setSpec>uge_dbu_RapidILL_BOOK</setSpec><setSpec>uge_cmu_RapidILL_BOOK</setSpec><setSpec>uge_mail_RapidILL_BOOK</setSpec><setSpec>UNIGE_ALL</setSpec><setSpec>uge_abbat_RapidILL_BOOK</setSpec><setSpec>uge_aobs_RapidILL_BOOK</setSpec><setSpec>uge_acar_RapidILL_BOOK</setSpec></header><metadata>
<record xmlns="http://www.loc.gov/MARC21/slim" xmlns:xsi="http://www.w3.org/2001/XMLSchema-instance" xsi:schemaLocation="http://www.loc.gov/MARC21/slim http://www.loc.gov/standards/marcxml/schema/MARC21slim.xsd"><leader>01797nam a22005292c 4500</leader><controlfield tag="001">991000045719705502</controlfield><controlfield tag="005">20211115202152.0</controlfield><controlfield tag="008">201011s1968    xxk      |||| 000 0 eng|d</controlfield><datafield ind1=" " ind2=" " tag="035"><subfield code="a">(swissbib)229242731-41slsp_network</subfield></datafield><datafield ind1=" " ind2=" " tag="035"><subfield code="a">229242731</subfield><subfield code="9">ExL</subfield></datafield><datafield ind1=" " ind2=" " tag="035"><subfield code="a">(NEBIS)003778742EBI01</subfield></datafield><datafield ind1=" " ind2=" " tag="035"><subfield code="a">(IDSBB)001157991DSV01</subfield></datafield><datafield ind1=" " ind2=" " tag="035"><subfield code="a">(RERO)1996703-41slsp</subfield></datafield><datafield ind1=" " ind2=" " tag="035"><subfield code="a">(OCoLC)237129328</subfield></datafield><datafield ind1=" " ind2=" " tag="035"><subfield code="a">(EXLNZ-41SLSP_NETWORK)991028519789705501</subfield></datafield><datafield ind1=" " ind2=" " tag="040"><subfield code="a">JG0</subfield><subfield code="d">CH-ZuSLS</subfield></datafield><datafield ind1=" " ind2="7" tag="072"><subfield code="a">an</subfield><subfield code="2">rero</subfield></datafield><datafield ind1="0" ind2="4" tag="082"><subfield code="a">811.52</subfield><subfield code="2">19</subfield></datafield><datafield ind1="0" ind2="4" tag="082"><subfield code="a">811.5</subfield><subfield code="2">14</subfield></datafield><datafield ind1="0" ind2="4" tag="082"><subfield code="a">811</subfield></datafield><datafield ind1="0" ind2="4" tag="082"><subfield code="a">821</subfield></datafield><datafield ind1="1" ind2="4" tag="082"><subfield code="a">821</subfield></datafield><datafield ind1="1" ind2=" " tag="100"><subfield code="a">Pound, Ezra</subfield><subfield code="d">1885-1972</subfield><subfield code="0">(DE-588)118596039</subfield><subfield code="6">880-01</subfield></datafield><datafield ind1="1" ind2=" " tag="880"><subfield code="6">100-01</subfield><subfield code="a">Pound, Ezra</subfield><subfield code="d">1885-1972</subfield><subfield code="0">(IDREF)027341445</subfield><subfield code="4">cre</subfield></datafield><datafield ind1="1" ind2="0" tag="245"><subfield code="a">Selected poems</subfield><subfield code="c">Ezra Pound ; edited with an introduction by T.S. Eliot</subfield></datafield><datafield ind1=" " ind2="1" tag="264"><subfield code="a">London</subfield><subfield code="b">Faber and Faber</subfield><subfield code="c">1968</subfield></datafield><datafield ind1=" " ind2=" " tag="300"><subfield code="a">199 p.</subfield><subfield code="c">21 cm</subfield></datafield><datafield ind1=" " ind2=" " tag="336"><subfield code="b">txt</subfield><subfield code="2">rdacontent</subfield></datafield><datafield ind1=" " ind2=" " tag="337"><subfield code="b">n</subfield><subfield code="2">rdamedia</subfield></datafield><datafield ind1=" " ind2=" " tag="338"><subfield code="b">nc</subfield><subfield code="2">rdacarrier</subfield></datafield><datafield ind1=" " ind2=" " tag="500"><subfield code="a">Reprint of the 1948 rev. ed</subfield></datafield><datafield ind1=" " ind2=" " tag="504"><subfield code="a">Bibliography: p. 26</subfield></datafield><datafield ind1="1" ind2="0" tag="600"><subfield code="a">Eliot, T. S</subfield><subfield code="q">Thomas Stearns</subfield><subfield code="d">1888-1965</subfield></datafield><datafield ind1="1" ind2="0" tag="600"><subfield code="a">Esher, Oliver Sylvain Baliol Brett</subfield><subfield code="d">1881-1963</subfield><subfield code="c">Viscount</subfield><subfield code="x">Bookplate</subfield></datafield><datafield ind1="1" ind2="0" tag="600"><subfield code="a">Gallup, Donald Clifford</subfield><subfield code="d">1913-2000</subfield><subfield code="x">Ms. notes</subfield></datafield><datafield ind1="1" ind2="0" tag="600"><subfield code="a">Pound, Ezra</subfield><subfield code="d">1885-1972</subfield></datafield><datafield ind1="1" ind2="0" tag="600"><subfield code="a">Pound, Ezra</subfield><subfield code="d">1885-1972</subfield><subfield code="t">Poems</subfield></datafield><datafield ind1=" " ind2="0" tag="650"><subfield code="a">American poetry</subfield></datafield><datafield ind1=" " ind2="0" tag="650"><subfield code="a">American poetry</subfield><subfield code="y">20th century</subfield></datafield><datafield ind1=" " ind2="0" tag="650"><subfield code="a">Poetry</subfield></datafield><datafield ind1=" " ind2="0" tag="650"><subfield code="a">Poetry, Modern</subfield><subfield code="y">20th century</subfield></datafield><datafield ind1=" " ind2="0" tag="650"><subfield code="a">Pound, Ezra Loomis, 1885-1972</subfield><subfield code="x">Poetry</subfield></datafield><datafield ind1="1" ind2=" " tag="700"><subfield code="6">880-02</subfield><subfield code="a">Eliot, Thomas Stearns</subfield><subfield code="d">1888-1965</subfield><subfield code="0">(IDREF)027288595</subfield></datafield><datafield ind1="1" ind2=" " tag="880"><subfield code="a">Eliot, T. S.</subfield><subfield code="d">1888-1965</subfield><subfield code="0">(DE-588)118529854</subfield><subfield code="6">700-02</subfield></datafield><datafield ind1=" " ind2=" " tag="900"><subfield code="a">IDSZRMedeaZBZ</subfield><subfield code="b">IDSZRSWK</subfield></datafield><datafield ind1=" " ind2=" " tag="900"><subfield code="a">REROnoselfmerge</subfield></datafield><datafield ind1=" " ind2=" " tag="911"><subfield code="a">100</subfield><subfield code="a">Pound, Ezra</subfield><subfield code="d">1885-1972</subfield></datafield><datafield ind1=" " ind2=" " tag="911"><subfield code="a">700</subfield><subfield code="a">Eliot, T. S</subfield><subfield code="q">Thomas Stearns</subfield><subfield code="d">1888-1965</subfield></datafield></record>
</metadata></record>