<record><header><identifier>oai:alma.41SLSP_UGE:991000045509705502</identifier><datestamp>2024-03-20T02:15:27Z</datestamp><setSpec>uge_bcen_RapidILL_BOOK</setSpec><setSpec>uge_aaca_RapidILL_BOOK</setSpec><setSpec>uge_abels_RapidILL_BOOK</setSpec><setSpec>uge_dbu_RapidILL_BOOK</setSpec><setSpec>uge_cmu_RapidILL_BOOK</setSpec><setSpec>uge_mail_RapidILL_BOOK</setSpec><setSpec>uge_abbat_RapidILL_BOOK</setSpec><setSpec>UNIGE_ALL</setSpec><setSpec>uge_acar_RapidILL_BOOK</setSpec><setSpec>uge_aobs_RapidILL_BOOK</setSpec></header><metadata>
<record xmlns="http://www.loc.gov/MARC21/slim" xmlns:xsi="http://www.w3.org/2001/XMLSchema-instance" xsi:schemaLocation="http://www.loc.gov/MARC21/slim http://www.loc.gov/standards/marcxml/schema/MARC21slim.xsd"><leader>01184nam a22003012c 4500</leader><controlfield tag="001">991000045509705502</controlfield><controlfield tag="005">20240319214249.0</controlfield><controlfield tag="008">171123s1850    enk||||| |||| 00| ||eng d</controlfield><datafield ind1=" " ind2=" " tag="035"><subfield code="a">(swissbib)124370810-41slsp_network</subfield></datafield><datafield ind1=" " ind2=" " tag="035"><subfield code="a">124370810</subfield><subfield code="9">ExL</subfield></datafield><datafield ind1=" " ind2=" " tag="035"><subfield code="a">(RERO)R008735333-41slsp</subfield></datafield><datafield ind1=" " ind2=" " tag="035"><subfield code="a">(EXLNZ-41SLSP_NETWORK)991092115379705501</subfield></datafield><datafield ind1=" " ind2=" " tag="040"><subfield code="a">RCT</subfield><subfield code="b">eng</subfield><subfield code="d">CH-ZuSLS</subfield></datafield><datafield ind1="1" ind2=" " tag="041"><subfield code="a">eng</subfield><subfield code="h">lat</subfield></datafield><datafield ind1=" " ind2="7" tag="072"><subfield code="a">zz</subfield><subfield code="2">rero</subfield></datafield><datafield ind1="1" ind2=" " tag="100"><subfield code="a">Luther, Martin</subfield><subfield code="d">1483-1546</subfield><subfield code="0">(IDREF)026998416</subfield><subfield code="4">cre</subfield></datafield><datafield ind1="1" ind2="0" tag="245"><subfield code="a">&lt;&lt;A&gt;&gt; commentary on St. Paul's Epistle to the Galatians</subfield><subfield code="c">by Martin Luther ; to which are prefixed the life of the author, and complete and impartial history of the times in which he lived, by Erasmus Middleton</subfield></datafield><datafield ind1=" " ind2=" " tag="250"><subfield code="a">New ed. corrected and revised</subfield></datafield><datafield ind1=" " ind2="1" tag="264"><subfield code="a">London</subfield><subfield code="b">William Tegg</subfield><subfield code="c">1850</subfield></datafield><datafield ind1=" " ind2=" " tag="300"><subfield code="a">C, 476 pages</subfield><subfield code="b">illustrations</subfield><subfield code="c">23 cm</subfield></datafield><datafield ind1=" " ind2=" " tag="336"><subfield code="b">txt</subfield><subfield code="2">rdacontent</subfield></datafield><datafield ind1=" " ind2=" " tag="337"><subfield code="b">n</subfield><subfield code="2">rdamedia</subfield></datafield><datafield ind1=" " ind2=" " tag="338"><subfield code="b">nc</subfield><subfield code="2">rdacarrier</subfield></datafield><datafield ind1=" " ind2=" " tag="500"><subfield code="a">Trad. de: In epistolam Sancti Pauli ad Galatas commentarius</subfield></datafield><datafield ind1="1" ind2="0" tag="600"><subfield code="a">Luther, Martin</subfield><subfield code="d">1483-1546</subfield></datafield><datafield ind1="0" ind2="0" tag="630"><subfield code="a">Bible</subfield><subfield code="p">Galatians</subfield><subfield code="v">Commentaries</subfield></datafield><datafield ind1="1" ind2=" " tag="700"><subfield code="a">Middleton, Erasmus</subfield><subfield code="d">1739-1805</subfield><subfield code="0">(RERO)A022808003</subfield></datafield><datafield ind1=" " ind2=" " tag="900"><subfield code="a">REROswissbibnomerge</subfield></datafield><datafield ind1=" " ind2=" " tag="910"><subfield code="a">OCoLC</subfield><subfield code="b">20171123</subfield><subfield code="c">Droits réservés</subfield></datafield><datafield ind1=" " ind2=" " tag="993"><subfield code="a">MHR K Lut 15</subfield><subfield code="x">ge/mhr-/2309</subfield><subfield code="9">LOCAL</subfield></datafield></record>
</metadata></record>