<record><header><identifier>oai:alma.41SLSP_UGE:991000045409705502</identifier><datestamp>2023-06-06T00:10:30Z</datestamp><setSpec>UNIGE_ALL</setSpec></header><metadata>
<record xmlns="http://www.loc.gov/MARC21/slim" xmlns:xsi="http://www.w3.org/2001/XMLSchema-instance" xsi:schemaLocation="http://www.loc.gov/MARC21/slim http://www.loc.gov/standards/marcxml/schema/MARC21slim.xsd"><leader>02721ngm a2200517 c 4500</leader><controlfield tag="001">991000045409705502</controlfield><controlfield tag="005">20230605205039.0</controlfield><controlfield tag="007">vd |v||||</controlfield><controlfield tag="008">201012s2009    fr ||| |          v|fre d</controlfield><datafield ind1=" " ind2=" " tag="019"><subfield code="a">Nicht visioniert</subfield><subfield code="5">NEBIS/28.11.2013/E71/silu</subfield></datafield><datafield ind1="4" ind2="2" tag="028"><subfield code="a">3760010555378</subfield></datafield><datafield ind1=" " ind2=" " tag="035"><subfield code="a">(swissbib)237352222-41slsp_network</subfield></datafield><datafield ind1=" " ind2=" " tag="035"><subfield code="a">237352222</subfield><subfield code="9">ExL</subfield></datafield><datafield ind1=" " ind2=" " tag="035"><subfield code="a">(RERO)R007701066-41slsp</subfield></datafield><datafield ind1=" " ind2=" " tag="035"><subfield code="a">(NEBIS)010016919EBI01</subfield></datafield><datafield ind1=" " ind2=" " tag="035"><subfield code="a">(EXLNZ-41SLSP_NETWORK)991124997219705501</subfield></datafield><datafield ind1=" " ind2=" " tag="040"><subfield code="a">RERO geumem</subfield><subfield code="d">CH-ZuSLS</subfield></datafield><datafield ind1=" " ind2="7" tag="072"><subfield code="a">se</subfield><subfield code="2">rero</subfield></datafield><datafield ind1="0" ind2="0" tag="245"><subfield code="a">&lt;&lt;Les&gt;&gt; brebis font de la résistance</subfield><subfield code="c">un film écrit et réal. par Catherine Pozzo di Borgo</subfield></datafield><datafield ind1=" " ind2="1" tag="264"><subfield code="a">[Lieu de publication non identifié]</subfield><subfield code="b">Les films du paradoxe</subfield><subfield code="c">2009</subfield></datafield><datafield ind1=" " ind2=" " tag="300"><subfield code="a">1 DVD vidéo (1h30 min.)</subfield><subfield code="e">1 brochure</subfield></datafield><datafield ind1=" " ind2=" " tag="336"><subfield code="b">tdi</subfield><subfield code="2">rdacontent</subfield></datafield><datafield ind1=" " ind2=" " tag="337"><subfield code="b">v</subfield><subfield code="2">rdamedia</subfield></datafield><datafield ind1=" " ind2=" " tag="338"><subfield code="b">vd</subfield><subfield code="2">rdacarrier</subfield></datafield><datafield ind1=" " ind2=" " tag="500"><subfield code="a">Durée du film : 90 min.</subfield></datafield><datafield ind1=" " ind2=" " tag="500"><subfield code="a">Choix de langues :  français</subfield></datafield><datafield ind1=" " ind2=" " tag="500"><subfield code="a">Images d'archives de provenances diverses</subfield></datafield><datafield ind1=" " ind2=" " tag="500"><subfield code="a">Une prod. Cauri Films, cop. 2008</subfield></datafield><datafield ind1=" " ind2=" " tag="500"><subfield code="a">Prod. CAURI Films, 2008. Avec le soutien de la Commission Européenne, la Direction Générale de l'Agriculture et du Développement Durable. Avec l'aide de la Région Languedoc Roussillon</subfield></datafield><datafield ind1=" " ind2=" " tag="508"><subfield code="a">Image: Isabelle Bourzat ; musique originale: Milo Machover etc. ; montage: Variety Moszinski</subfield></datafield><datafield ind1="0" ind2=" " tag="511"><subfield code="a">Avec Soazig Le Mouël ; Frank Maillé ; José Bové... et al.</subfield></datafield><datafield ind1="8" ind2=" " tag="520"><subfield code="a">&quot;Le Larzac aujourd'hui, avec ses habitants au caractère bien trempé, ses paysages magnifiques et ses brebis. Tableau subjectif d'un lieu unique, fortement marqué par les luttes des années 70, une terre reconquise à l'armée où les paysans d'alors et de nouveaux venus continuent à se battre pour une agriculture saine et un monde meilleur. L'exemple d'une utopie devenue réalité.&quot;</subfield><subfield code="5">RERO/geumem/04.2014</subfield></datafield><datafield ind1=" " ind2=" " tag="538"><subfield code="a">Zone 2</subfield></datafield><datafield ind1=" " ind2="7" tag="650"><subfield code="a">Révoltes paysannes</subfield><subfield code="0">(IDREF)027246086</subfield><subfield code="2">idref</subfield></datafield><datafield ind1=" " ind2="7" tag="650"><subfield code="a">1970-2008</subfield><subfield code="2">rero</subfield></datafield><datafield ind1=" " ind2="7" tag="650"><subfield code="a">Résistance passive</subfield><subfield code="0">(IDREF)027873471</subfield><subfield code="2">idref</subfield></datafield><datafield ind1=" " ind2="7" tag="650"><subfield code="a">Agriculture durable</subfield><subfield code="0">(IDREF)034196315</subfield><subfield code="2">idref</subfield></datafield><datafield ind1=" " ind2="6" tag="650"><subfield code="a">Agriculture</subfield><subfield code="z">Larzac</subfield><subfield code="z">France</subfield></datafield><datafield ind1=" " ind2="7" tag="650"><subfield code="a">AGRARPOLITIK</subfield><subfield code="9">ger</subfield><subfield code="0">(ETHUDK)000010747</subfield><subfield code="2">ethudk</subfield></datafield><datafield ind1=" " ind2="7" tag="650"><subfield code="a">DIGITAL VERSATILE DISC, DVD (DOKUMENTENTYP)</subfield><subfield code="9">ger</subfield><subfield code="0">(ETHUDK)000062823</subfield><subfield code="2">ethudk</subfield></datafield><datafield ind1=" " ind2="7" tag="650"><subfield code="a">DOKUMENTARFILME</subfield><subfield code="9">ger</subfield><subfield code="0">(ETHUDK)000044924</subfield><subfield code="2">ethudk</subfield></datafield><datafield ind1=" " ind2="7" tag="650"><subfield code="a">FRANKREICH (WESTEUROPA). FRANZÖSISCHE REPUBLIK</subfield><subfield code="9">ger</subfield><subfield code="0">(ETHUDK)000003272</subfield><subfield code="2">ethudk</subfield></datafield><datafield ind1=" " ind2="7" tag="650"><subfield code="a">SCHAFE + SCHAFZUCHT + SCHAFHALTUNG (TIERHALTUNG)</subfield><subfield code="9">ger</subfield><subfield code="0">(ETHUDK)000031821</subfield><subfield code="2">ethudk</subfield></datafield><datafield ind1=" " ind2="7" tag="651"><subfield code="a">Larzac (France, plateau)</subfield><subfield code="0">(RERO)A010003491</subfield><subfield code="2">rero</subfield></datafield><datafield ind1=" " ind2="7" tag="655"><subfield code="a">DVD</subfield><subfield code="0">(IDREF)035108444</subfield><subfield code="2">idref</subfield></datafield><datafield ind1=" " ind2="6" tag="655"><subfield code="a">Documentaires</subfield></datafield><datafield ind1="1" ind2=" " tag="700"><subfield code="a">Pozzo di Borgo, Catherine</subfield><subfield code="0">(IDREF)066977355</subfield></datafield></record>
</metadata></record>