<record><header><identifier>oai:alma.41SLSP_UGE:991000045219705502</identifier><datestamp>2023-03-04T01:23:47Z</datestamp><setSpec>uge_bcen_RapidILL_BOOK</setSpec><setSpec>uge_aaca_RapidILL_BOOK</setSpec><setSpec>uge_abels_RapidILL_BOOK</setSpec><setSpec>uge_dbu_RapidILL_BOOK</setSpec><setSpec>uge_cmu_RapidILL_BOOK</setSpec><setSpec>uge_mail_RapidILL_BOOK</setSpec><setSpec>uge_abbat_RapidILL_BOOK</setSpec><setSpec>UNIGE_ALL</setSpec><setSpec>uge_aobs_RapidILL_BOOK</setSpec><setSpec>uge_acar_RapidILL_BOOK</setSpec></header><metadata>
<record xmlns="http://www.loc.gov/MARC21/slim" xmlns:xsi="http://www.w3.org/2001/XMLSchema-instance" xsi:schemaLocation="http://www.loc.gov/MARC21/slim http://www.loc.gov/standards/marcxml/schema/MARC21slim.xsd"><leader>05567nam a2200865 c 4500</leader><controlfield tag="001">991000045219705502</controlfield><controlfield tag="005">20230303213702.0</controlfield><controlfield tag="008">201011s2010    sz            00| | fre d</controlfield><datafield ind1=" " ind2=" " tag="020"><subfield code="a">2880748887</subfield></datafield><datafield ind1=" " ind2=" " tag="020"><subfield code="a">9782880748883</subfield></datafield><datafield ind1="7" ind2=" " tag="024"><subfield code="a">http://catalogue.bnf.fr/ark:/12148/cb423859191</subfield><subfield code="2">uri</subfield></datafield><datafield ind1=" " ind2=" " tag="035"><subfield code="a">(swissbib)220976414-41slsp_network</subfield></datafield><datafield ind1=" " ind2=" " tag="035"><subfield code="a">220976414</subfield><subfield code="9">ExL</subfield></datafield><datafield ind1=" " ind2=" " tag="035"><subfield code="a">(NEBIS)006236287EBI01</subfield></datafield><datafield ind1=" " ind2=" " tag="035"><subfield code="a">(RERO)R005716090-41slsp</subfield></datafield><datafield ind1=" " ind2=" " tag="035"><subfield code="a">(IDSSG)000531095HSB01</subfield></datafield><datafield ind1=" " ind2=" " tag="035"><subfield code="a">(IDSBB)005608875DSV01</subfield></datafield><datafield ind1=" " ind2=" " tag="035"><subfield code="a">(SBT)000655570SBT01</subfield></datafield><datafield ind1=" " ind2=" " tag="035"><subfield code="a">(OCoLC) ocn698439355</subfield></datafield><datafield ind1=" " ind2=" " tag="035"><subfield code="a">(EXLNZ-41SLSP_NETWORK)991063150999705501</subfield></datafield><datafield ind1=" " ind2=" " tag="040"><subfield code="a">SzZuIDS NEBIS HES-EIA-FR</subfield><subfield code="d">CH-ZuSLS</subfield></datafield><datafield ind1=" " ind2=" " tag="044"><subfield code="a">sz</subfield><subfield code="c">ch-vd</subfield></datafield><datafield ind1=" " ind2="7" tag="072"><subfield code="a">go</subfield><subfield code="2">rero</subfield></datafield><datafield ind1=" " ind2="7" tag="072"><subfield code="a">ac</subfield><subfield code="2">SzZuIDS BS/BE</subfield></datafield><datafield ind1=" " ind2="7" tag="072"><subfield code="a">ur</subfield><subfield code="2">rero</subfield></datafield><datafield ind1="1" ind2=" " tag="080"><subfield code="a">711.4</subfield></datafield><datafield ind1="0" ind2="0" tag="245"><subfield code="a">Antiurbain</subfield><subfield code="b">origines et conséquences de l'urbaphobie</subfield><subfield code="c">publié sous la dir. de Joëlle Salomon Cavin... [et al.]</subfield></datafield><datafield ind1=" " ind2="1" tag="264"><subfield code="a">Lausanne</subfield><subfield code="b">Presses polytechniques et univérsitaires romandes</subfield><subfield code="c">2010</subfield></datafield><datafield ind1=" " ind2=" " tag="300"><subfield code="a">329 S.</subfield><subfield code="b">Ill.</subfield><subfield code="c">21 cm</subfield></datafield><datafield ind1=" " ind2=" " tag="336"><subfield code="b">txt</subfield><subfield code="2">rdacontent</subfield></datafield><datafield ind1=" " ind2=" " tag="337"><subfield code="b">n</subfield><subfield code="2">rdamedia</subfield></datafield><datafield ind1=" " ind2=" " tag="338"><subfield code="b">nc</subfield><subfield code="2">rdacarrier</subfield></datafield><datafield ind1="0" ind2=" " tag="490"><subfield code="a">Espace en société: logique territoriale</subfield></datafield><datafield ind1=" " ind2=" " tag="504"><subfield code="a">Bibliographie dispersée. Notes bibliographiques</subfield></datafield><datafield ind1=" " ind2="7" tag="650"><subfield code="a">COLLECTIONS D'ARTICLES ET D'ESSAIS (TYPE DE DOCUMENT)</subfield><subfield code="9">fre</subfield><subfield code="0">(ETHUDK)000009249</subfield><subfield code="2">ethudk</subfield></datafield><datafield ind1=" " ind2="7" tag="650"><subfield code="a">COMMUNAUTÉS LOCALES + GROUPES LIÉS À UN LIEU + SOCIOLOGIE URBAINE</subfield><subfield code="9">fre</subfield><subfield code="0">(ETHUDK)000010022</subfield><subfield code="2">ethudk</subfield></datafield><datafield ind1=" " ind2="7" tag="650"><subfield code="a">GRANDES VILLES (ÉTUDES URBANISTIQUES)</subfield><subfield code="9">fre</subfield><subfield code="0">(ETHUDK)000040018</subfield><subfield code="2">ethudk</subfield></datafield><datafield ind1=" " ind2="7" tag="650"><subfield code="a">HISTOIRE URBAINE</subfield><subfield code="9">fre</subfield><subfield code="0">(ETHUDK)000036650</subfield><subfield code="2">ethudk</subfield></datafield><datafield ind1=" " ind2="7" tag="650"><subfield code="a">MOTIFS/LITTERAIRES</subfield><subfield code="9">fre</subfield><subfield code="0">(ETHUDK)000036279</subfield><subfield code="2">ethudk</subfield></datafield><datafield ind1=" " ind2="7" tag="650"><subfield code="a">RELATIONS VILLE-CAMPAGNE (ÉTUDES URBANISTIQUES)</subfield><subfield code="9">fre</subfield><subfield code="0">(ETHUDK)000036665</subfield><subfield code="2">ethudk</subfield></datafield><datafield ind1=" " ind2="7" tag="650"><subfield code="a">VILLES IMAGINAIRES + CITÉS IDÉALES ET UTOPIQUES (URBANISME)</subfield><subfield code="9">fre</subfield><subfield code="0">(ETHUDK)000035384</subfield><subfield code="2">ethudk</subfield></datafield><datafield ind1=" " ind2="7" tag="650"><subfield code="a">ÉTUDES URBANISTIQUES + GÉOGRAPHIE URBAINE</subfield><subfield code="9">fre</subfield><subfield code="0">(ETHUDK)000036648</subfield><subfield code="2">ethudk</subfield></datafield><datafield ind1=" " ind2="7" tag="650"><subfield code="a">Anthropologie urbaine</subfield><subfield code="0">(IDREF)028722981</subfield><subfield code="2">idref</subfield></datafield><datafield ind1=" " ind2="7" tag="650"><subfield code="a">Sociologie</subfield><subfield code="0">(IDREF)049647490</subfield><subfield code="2">idref</subfield></datafield><datafield ind1=" " ind2="7" tag="650"><subfield code="a">Urbanisme</subfield><subfield code="0">(IDREF)027254925</subfield><subfield code="2">idref</subfield></datafield><datafield ind1=" " ind2="7" tag="650"><subfield code="a">Philosophie</subfield><subfield code="0">(IDREF)027295206</subfield><subfield code="2">idref</subfield></datafield><datafield ind1=" " ind2="7" tag="650"><subfield code="a">Villes</subfield><subfield code="0">(IDREF)027255778</subfield><subfield code="2">idref</subfield></datafield><datafield ind1=" " ind2="7" tag="650"><subfield code="a">Verstädterung</subfield><subfield code="0">(DE-588)4063234-9</subfield><subfield code="2">gnd</subfield></datafield><datafield ind1=" " ind2="7" tag="650"><subfield code="a">Phobie</subfield><subfield code="0">(DE-588)4045820-9</subfield><subfield code="2">gnd</subfield></datafield><datafield ind1=" " ind2="7" tag="650"><subfield code="a">Stadtsoziologie</subfield><subfield code="0">(DE-588)4077811-3</subfield><subfield code="2">gnd</subfield></datafield><datafield ind1=" " ind2="7" tag="650"><subfield code="a">Anthropogeografie</subfield><subfield code="0">(DE-588)4133695-1</subfield><subfield code="2">gnd</subfield></datafield><datafield ind1=" " ind2="7" tag="650"><subfield code="a">Sozialphilosophie</subfield><subfield code="0">(DE-588)4055876-9</subfield><subfield code="2">gnd</subfield></datafield><datafield ind1=" " ind2="7" tag="650"><subfield code="a">Stadt</subfield><subfield code="0">(DE-588)4056723-0</subfield><subfield code="2">gnd</subfield></datafield><datafield ind1=" " ind2="7" tag="650"><subfield code="a">Gesellschaft</subfield><subfield code="0">(DE-588)4020588-5</subfield><subfield code="2">gnd</subfield></datafield><datafield ind1=" " ind2="7" tag="650"><subfield code="a">Wandel</subfield><subfield code="0">(DE-588)4234987-4</subfield><subfield code="2">gnd</subfield></datafield><datafield ind1=" " ind2="7" tag="650"><subfield code="a">Ländlicher Raum</subfield><subfield code="0">(DE-588)4034026-0</subfield><subfield code="2">gnd</subfield></datafield><datafield ind1=" " ind2="4" tag="650"><subfield code="a">Urbanizzazione</subfield><subfield code="x">aspetti sociali</subfield></datafield><datafield ind1=" " ind2="4" tag="650"><subfield code="a">Città</subfield><subfield code="x">aspetti sociali</subfield></datafield><datafield ind1=" " ind2="7" tag="655"><subfield code="a">Aufsatzsammlung</subfield><subfield code="2">gnd-content</subfield></datafield><datafield ind1=" " ind2=" " tag="690"><subfield code="a">114a</subfield><subfield code="d">Stadtentwicklungsmodelle, Stadtentwicklungstheorien</subfield><subfield code="2">uzb-UJ</subfield></datafield><datafield ind1=" " ind2=" " tag="690"><subfield code="a">114</subfield><subfield code="d">Stadtentwicklung</subfield><subfield code="2">uzb-UJ</subfield></datafield><datafield ind1=" " ind2=" " tag="690"><subfield code="a">112</subfield><subfield code="d">Stadt, Städtische Siedlungen, Stadtgeographie allgemein</subfield><subfield code="2">uzb-UJ</subfield></datafield><datafield ind1=" " ind2=" " tag="690"><subfield code="a">cle ; sentiment ; conclusion ; publication ; civilisation ; mouvement ; renversement ; introduction ; allemagne ; existence ; perspective ; espace ; origine ; direction ; table ; auteur ; face ; philosophe ; structure ; milieu ; science-fiction ; retour ; campagne ; valeur ; trait ; esprit ; vie ; champs ; champ ; fondement ; nature ; refuge ; motif ; mot ; effet ; biais ; aide ; ennemi ; peuple ; limite ; contenu ; expression ; dimension ; dimensions ; question ; tradition ; amour ; esquisse ; examen ; rapport ; construction ; objet ; recherche</subfield><subfield code="2">idssg-J</subfield></datafield><datafield ind1=" " ind2=" " tag="690"><subfield code="a">territoriale Antiurbain; intellectuels am; polis Rlade; autre ville; nouvelles mani; Claire Robic; affectif ville</subfield><subfield code="2">idssg-J</subfield></datafield><datafield ind1=" " ind2=" " tag="690"><subfield code="a">Allemagne [100]; Pays [100]; État [33]; Venezuela [29]; France [21]</subfield><subfield code="2">idssg-J</subfield></datafield><datafield ind1=" " ind2=" " tag="690"><subfield code="a">soci; t; quences; urbaphobie; publi; Jo; lle; Cavin; res; Paquot; Id; ologie; aim; e; Cit; id; alis; Yvette; Jaggi; occult; v; re; condamn; engag; Cluet; am; ricaine; Cynthia; Ghorra; Gobin; ricains; Urbaphobie; limit; Antiurbain; tro; Runner; cin; r; lateurs; caract; arch; typal; complicit; tablie; urbaphobe; ricain; line; Den; toshi; Berque; Apr; Portsmouth; ruraphilie; ruralisme; Masami; Hagai; contr; moralit; clatement; litt; n; zu; lienne; Meridalba; g; rateur; Am; rique; El; ments; urbaphobes; Frick; pouvantail; nagement; ve; pens; Laurette; Wittner; risme; fran; ais; ostracis; antiurbain; veloppement; my; Prud; th; ories; mocratique; volution; Adeline; Itin; raire; conqu; surbanisation; imp; rialisme; urbanophilie; constructionnisme; Genestier; urbanophile; ologique; euph; identit; mergentes; atrice; Bochet; vy; Alteridentit; ographes; troviseur; Illisibilit; gitimit; samour; m; thode; rale; Martouzet; tat; cessit; cisions; D</subfield><subfield code="2">idssg-J</subfield></datafield><datafield ind1="1" ind2=" " tag="700"><subfield code="a">Salomon Cavin, Joëlle</subfield><subfield code="0">(IDREF)087640902</subfield></datafield><datafield ind1="1" ind2=" " tag="700"><subfield code="a">Cavin, Joëlle Salomon</subfield></datafield><datafield ind1="1" ind2=" " tag="700"><subfield code="a">Marchand, Bernard</subfield></datafield><datafield ind1="1" ind2=" " tag="700"><subfield code="a">Salomon Cavin, Joëlle</subfield><subfield code="0">(DE-588)1214654975</subfield></datafield><datafield ind1="4" ind2=" " tag="856"><subfield code="3">Titelblatt und Inhaltsverzeichnis</subfield><subfield code="u">https://toc.library.ethz.ch/objects/pdf/e01_978-2-88074-888-3_01.pdf</subfield><subfield code="q">pdf</subfield></datafield><datafield ind1="4" ind2=" " tag="856"><subfield code="3">Abstract / Autoreninformation</subfield><subfield code="u">https://toc.library.ethz.ch/objects/pdf/e01_978-2-88074-888-3_02.pdf</subfield><subfield code="q">pdf</subfield></datafield><datafield ind1=" " ind2=" " tag="900"><subfield code="a">IDSE5E61ANH-2011</subfield></datafield><datafield ind1=" " ind2=" " tag="900"><subfield code="a">REROnoselfmerge</subfield></datafield><datafield ind1=" " ind2=" " tag="949"><subfield code="a">https://toc.library.ethz.ch/objects/pdf/e01_978-2-88074-888-3_01.pdf</subfield></datafield><datafield ind1=" " ind2=" " tag="949"><subfield code="a">https://toc.library.ethz.ch/objects/pdf/e01_978-2-88074-888-3_02.pdf</subfield></datafield></record>
</metadata></record>