<record><header><identifier>oai:alma.41SLSP_UGE:991000045529705502</identifier><datestamp>2023-07-01T00:18:19Z</datestamp><setSpec>uge_cmu_RapidILL_JOURNAL</setSpec><setSpec>uge_aobs_RapidILL_JOURNAL</setSpec><setSpec>uge_aaca_RapidILL_JOURNAL</setSpec><setSpec>uge_bcen_RapidILL_JOURNAL</setSpec><setSpec>uge_abbat_RapidILL_JOURNAL</setSpec><setSpec>uge_mail_RapidILL_JOURNAL</setSpec><setSpec>uge_dbu_RapidILL_JOURNAL</setSpec><setSpec>uge_abels_RapidILL_JOURNAL</setSpec><setSpec>UNIGE_ALL</setSpec><setSpec>uge_acar_RapidILL_JOURNAL</setSpec></header><metadata>
<record xmlns="http://www.loc.gov/MARC21/slim" xmlns:xsi="http://www.w3.org/2001/XMLSchema-instance" xsi:schemaLocation="http://www.loc.gov/MARC21/slim http://www.loc.gov/standards/marcxml/schema/MARC21slim.xsd"><leader>01558nas a2200325 c 4500</leader><controlfield tag="001">991000045529705502</controlfield><controlfield tag="005">20230630213846.0</controlfield><controlfield tag="008">960525c19809999gw || p|  ||| 0    0ger d</controlfield><datafield ind1=" " ind2=" " tag="019"><subfield code="a">Notices analytiques</subfield><subfield code="5">RERO/iftflu/05.2017</subfield></datafield><datafield ind1=" " ind2=" " tag="022"><subfield code="a">0016-9420</subfield></datafield><datafield ind1=" " ind2=" " tag="035"><subfield code="a">(swissbib)07882432X-41slsp_network</subfield></datafield><datafield ind1=" " ind2=" " tag="035"><subfield code="a">07882432X</subfield><subfield code="9">ExL</subfield></datafield><datafield ind1=" " ind2=" " tag="035"><subfield code="a">(RERO)0407917-41slsp</subfield></datafield><datafield ind1=" " ind2=" " tag="035"><subfield code="a">(EXLNZ-41SLSP_NETWORK)991097306499705501</subfield></datafield><datafield ind1=" " ind2=" " tag="040"><subfield code="a">RERO</subfield><subfield code="d">CH-ZuSLS</subfield></datafield><datafield ind1=" " ind2="7" tag="072"><subfield code="a">dr</subfield><subfield code="2">rero</subfield></datafield><datafield ind1=" " ind2=" " tag="084"><subfield code="a">CA/D 86 f</subfield><subfield code="2">cjurrom</subfield></datafield><datafield ind1="0" ind2="0" tag="245"><subfield code="a">GRUR</subfield><subfield code="b">gewerblicher Rechtsschutz und Urheberrecht : Zeitschrift der Deutschen Vereinigung für Gewerblicher Rechtsschutz und Urheberrecht</subfield></datafield><datafield ind1="1" ind2=" " tag="246"><subfield code="a">Gewerblicher Rechtsschutz und Urheberrecht</subfield></datafield><datafield ind1=" " ind2="1" tag="264"><subfield code="a">Weinheim</subfield><subfield code="b">Verlag Chemie</subfield></datafield><datafield ind1=" " ind2=" " tag="336"><subfield code="b">txt</subfield><subfield code="2">rdacontent</subfield></datafield><datafield ind1=" " ind2=" " tag="337"><subfield code="b">n</subfield><subfield code="2">rdamedia</subfield></datafield><datafield ind1=" " ind2=" " tag="338"><subfield code="b">nc</subfield><subfield code="2">rdacarrier</subfield></datafield><datafield ind1="0" ind2=" " tag="362"><subfield code="a">Jg. 82(1980)-</subfield></datafield><datafield ind1=" " ind2=" " tag="500"><subfield code="a">Editeur depuis Jg. 103(2001): München : C.H. Beck</subfield></datafield><datafield ind1=" " ind2=" " tag="580"><subfield code="a">Fait suite à: Gewerblicher Rechtsschutz und Urheberrecht : Zeitschrift der Deutschen Vereinigung für Gewerblichen Rechtsschutz und Urheberrecht</subfield></datafield><datafield ind1=" " ind2="7" tag="650"><subfield code="a">Immaterialgüterrecht</subfield><subfield code="9">ger</subfield><subfield code="0">(RERO)jurivoc000011537ger</subfield><subfield code="2">jurivoc</subfield></datafield><datafield ind1=" " ind2="7" tag="651"><subfield code="a">Deutschland</subfield><subfield code="9">ger</subfield><subfield code="0">(RERO)jurivoc000005510ger</subfield><subfield code="2">jurivoc</subfield></datafield><datafield ind1=" " ind2="7" tag="655"><subfield code="a">Periodikum</subfield><subfield code="9">ger</subfield><subfield code="2">jurivoc</subfield><subfield code="0">(RERO)jurivoc000017014ger</subfield></datafield><datafield ind1="2" ind2=" " tag="710"><subfield code="a">Deutsche Vereinigung für Gewerblichen Rechtsschutz und Urheberrecht</subfield><subfield code="0">(IDREF)032635605</subfield></datafield><datafield ind1="0" ind2="0" tag="780"><subfield code="t">Gewerblicher Rechtsschutz und Urheberrecht : Zeitschrift der deutschen Vereinigung für gewerblichen Rechtsschutz und Urheberrecht</subfield><subfield code="w">(RERO)0125393-41slsp</subfield></datafield></record>
</metadata></record>