<record><header><identifier>oai:alma.41SLSP_UGE:991000045949705502</identifier><datestamp>2024-03-09T01:27:57Z</datestamp><setSpec>uge_bcen_RapidILL_BOOK</setSpec><setSpec>uge_aaca_RapidILL_BOOK</setSpec><setSpec>uge_abels_RapidILL_BOOK</setSpec><setSpec>uge_dbu_RapidILL_BOOK</setSpec><setSpec>uge_cmu_RapidILL_BOOK</setSpec><setSpec>uge_mail_RapidILL_BOOK</setSpec><setSpec>uge_abbat_RapidILL_BOOK</setSpec><setSpec>UNIGE_ALL</setSpec><setSpec>uge_acar_RapidILL_BOOK</setSpec><setSpec>uge_aobs_RapidILL_BOOK</setSpec></header><metadata>
<record xmlns="http://www.loc.gov/MARC21/slim" xmlns:xsi="http://www.w3.org/2001/XMLSchema-instance" xsi:schemaLocation="http://www.loc.gov/MARC21/slim http://www.loc.gov/standards/marcxml/schema/MARC21slim.xsd"><leader>01726nam a2200457 c 4500</leader><controlfield tag="001">991000045949705502</controlfield><controlfield tag="005">20240308215837.0</controlfield><controlfield tag="008">201012s2006    gw            00| | ger|d</controlfield><datafield ind1=" " ind2=" " tag="015"><subfield code="a">GFR-DNB-05,N07,1432</subfield></datafield><datafield ind1="7" ind2=" " tag="016"><subfield code="a">973511125</subfield><subfield code="2">GyFmDB</subfield></datafield><datafield ind1=" " ind2=" " tag="020"><subfield code="a">9783518188668</subfield></datafield><datafield ind1=" " ind2=" " tag="020"><subfield code="a">3518188666</subfield><subfield code="c">Pb. : ca. EUR 5.00, ca. sfr 9.30, ca. EUR 5.20 (AT)</subfield></datafield><datafield ind1="0" ind2="2" tag="028"><subfield code="a">18866</subfield></datafield><datafield ind1=" " ind2=" " tag="035"><subfield code="a">(swissbib)233276270-41slsp_network</subfield></datafield><datafield ind1=" " ind2=" " tag="035"><subfield code="a">233276270</subfield><subfield code="9">ExL</subfield></datafield><datafield ind1=" " ind2=" " tag="035"><subfield code="a">(IDSBB)003598537DSV01</subfield></datafield><datafield ind1=" " ind2=" " tag="035"><subfield code="a">(RERO)R004235215-41slsp</subfield></datafield><datafield ind1=" " ind2=" " tag="035"><subfield code="a">(DDB)973511125</subfield></datafield><datafield ind1=" " ind2=" " tag="035"><subfield code="a">(ABN)000306527ABN01</subfield></datafield><datafield ind1=" " ind2=" " tag="035"><subfield code="a">(EXLNZ-41SLSP_NETWORK)991008157989705501</subfield></datafield><datafield ind1=" " ind2=" " tag="040"><subfield code="a">DDB</subfield><subfield code="e">kids</subfield><subfield code="d">CH-ZuSLS</subfield></datafield><datafield ind1=" " ind2="7" tag="072"><subfield code="a">nd</subfield><subfield code="2">SzZuIDS BS/BE</subfield></datafield><datafield ind1=" " ind2="7" tag="072"><subfield code="a">al</subfield><subfield code="2">rero</subfield></datafield><datafield ind1="1" ind2="4" tag="082"><subfield code="a">830</subfield><subfield code="2">15</subfield></datafield><datafield ind1=" " ind2=" " tag="084"><subfield code="a">GK 5164</subfield><subfield code="2">rvk</subfield></datafield><datafield ind1="1" ind2=" " tag="100"><subfield code="6">880-01</subfield><subfield code="a">Kleist, Heinrich von</subfield><subfield code="d">1777-1811</subfield><subfield code="0">(IDREF)026950820</subfield><subfield code="4">cre</subfield></datafield><datafield ind1="1" ind2=" " tag="880"><subfield code="a">Kleist, Heinrich &lt;&lt;von&gt;&gt;</subfield><subfield code="d">1777-1811</subfield><subfield code="0">(DE-588)118563076</subfield><subfield code="6">100-01</subfield></datafield><datafield ind1="1" ind2="0" tag="245"><subfield code="a">&lt;&lt;Der&gt;&gt; zerbrochene Krug</subfield><subfield code="b">ein Lustspiel, Berlin 1811</subfield><subfield code="c">Heinrich von Kleist ; kommentiert von Axel Schmitt</subfield></datafield><datafield ind1=" " ind2="1" tag="264"><subfield code="a">Frankfurt am Main</subfield><subfield code="b">Suhrkamp</subfield><subfield code="c">2006</subfield></datafield><datafield ind1=" " ind2=" " tag="300"><subfield code="a">183 S.</subfield></datafield><datafield ind1=" " ind2=" " tag="336"><subfield code="b">txt</subfield><subfield code="2">rdacontent</subfield></datafield><datafield ind1=" " ind2=" " tag="337"><subfield code="b">n</subfield><subfield code="2">rdamedia</subfield></datafield><datafield ind1=" " ind2=" " tag="338"><subfield code="b">nc</subfield><subfield code="2">rdacarrier</subfield></datafield><datafield ind1="1" ind2=" " tag="490"><subfield code="a">Suhrkamp BasisBibliothek</subfield><subfield code="v">66</subfield></datafield><datafield ind1="1" ind2=" " tag="490"><subfield code="a">Suhrkamp Basis Bibliothek. Text und Kommentar</subfield><subfield code="v">66</subfield></datafield><datafield ind1="1" ind2="7" tag="600"><subfield code="a">Kleist, Heinrich &lt;&lt;von&gt;&gt;</subfield><subfield code="d">1777-1811</subfield><subfield code="t">&lt;&lt;Der&gt;&gt; zerbrochne Krug</subfield><subfield code="0">(DE-588)4099275-5</subfield><subfield code="2">gnd</subfield></datafield><datafield ind1="0" ind2="7" tag="630"><subfield code="a">&lt;&lt;Der&gt;&gt; zerbrochene Krug</subfield><subfield code="0">(DE-588)4301814-2</subfield><subfield code="2">gnd</subfield></datafield><datafield ind1=" " ind2="7" tag="655"><subfield code="a">Kommentar</subfield><subfield code="2">gnd-content</subfield></datafield><datafield ind1="1" ind2=" " tag="700"><subfield code="a">Schmitt, Axel</subfield></datafield><datafield ind1=" " ind2="0" tag="830"><subfield code="a">Suhrkamp BasisBibliothek</subfield><subfield code="v">66</subfield><subfield code="w">(IDSBB)001543799DSV01</subfield></datafield><datafield ind1="4" ind2=" " tag="856"><subfield code="3">Inhaltsverzeichnis</subfield><subfield code="u">http://www.ub.unibas.ch/tox/HBZ/HT014233017/PDF</subfield><subfield code="q">pdf</subfield></datafield><datafield ind1=" " ind2=" " tag="949"><subfield code="a">http://www.ub.unibas.ch/tox/HBZ/HT014233017/PDF</subfield></datafield></record>
</metadata></record>