<record><header><identifier>oai:alma.41SLSP_UGE:991000045939705502</identifier><datestamp>2023-05-28T00:14:08Z</datestamp><setSpec>uge_bcen_RapidILL_BOOK</setSpec><setSpec>uge_aaca_RapidILL_BOOK</setSpec><setSpec>uge_abels_RapidILL_BOOK</setSpec><setSpec>uge_dbu_RapidILL_BOOK</setSpec><setSpec>uge_cmu_RapidILL_BOOK</setSpec><setSpec>uge_mail_RapidILL_BOOK</setSpec><setSpec>uge_abbat_RapidILL_BOOK</setSpec><setSpec>UNIGE_ALL</setSpec><setSpec>uge_acar_RapidILL_BOOK</setSpec><setSpec>uge_aobs_RapidILL_BOOK</setSpec></header><metadata>
<record xmlns="http://www.loc.gov/MARC21/slim" xmlns:xsi="http://www.w3.org/2001/XMLSchema-instance" xsi:schemaLocation="http://www.loc.gov/MARC21/slim http://www.loc.gov/standards/marcxml/schema/MARC21slim.xsd"><leader>01573nam a2200409 c 4500</leader><controlfield tag="001">991000045939705502</controlfield><controlfield tag="005">20230228193031.0</controlfield><controlfield tag="008">141016s2015    fr ||||| |||| 00| ||fre d</controlfield><datafield ind1=" " ind2=" " tag="020"><subfield code="a">9782708242890</subfield></datafield><datafield ind1="7" ind2=" " tag="024"><subfield code="a">http://catalogue.bnf.fr/ark:/12148/cb44238936d</subfield><subfield code="2">uri</subfield></datafield><datafield ind1=" " ind2=" " tag="035"><subfield code="a">(swissbib)120771993-41slsp_network</subfield></datafield><datafield ind1=" " ind2=" " tag="035"><subfield code="a">120771993</subfield><subfield code="9">ExL</subfield></datafield><datafield ind1=" " ind2=" " tag="035"><subfield code="a">(RERO)R007909397-41slsp</subfield></datafield><datafield ind1=" " ind2=" " tag="035"><subfield code="a">(EXLNZ-41SLSP_NETWORK)991037947209705501</subfield></datafield><datafield ind1=" " ind2=" " tag="040"><subfield code="a">RERO vshevs</subfield><subfield code="d">CH-ZuSLS</subfield></datafield><datafield ind1=" " ind2="7" tag="072"><subfield code="a">ss</subfield><subfield code="2">rero</subfield></datafield><datafield ind1=" " ind2="7" tag="072"><subfield code="a">se</subfield><subfield code="2">rero</subfield></datafield><datafield ind1="1" ind2=" " tag="080"><subfield code="a">364.662</subfield></datafield><datafield ind1="0" ind2="0" tag="245"><subfield code="a">En finir avec les idées fausses sur les pauvres et la pauvreté</subfield><subfield code="c">ATD Quart Monde ; [rédigé par Jean-Christophe Sarrot, Bruno Tardieu et Marie-France Zimmer]</subfield></datafield><datafield ind1=" " ind2=" " tag="250"><subfield code="a">Ed. 2015 revue et augmentée</subfield></datafield><datafield ind1=" " ind2="1" tag="264"><subfield code="a">Paris</subfield><subfield code="b">Ed. de l'Atelier</subfield><subfield code="c">2015</subfield></datafield><datafield ind1=" " ind2=" " tag="300"><subfield code="a">220 p.</subfield></datafield><datafield ind1=" " ind2=" " tag="336"><subfield code="b">txt</subfield><subfield code="2">rdacontent</subfield></datafield><datafield ind1=" " ind2=" " tag="337"><subfield code="b">n</subfield><subfield code="2">rdamedia</subfield></datafield><datafield ind1=" " ind2=" " tag="338"><subfield code="b">nc</subfield><subfield code="2">rdacarrier</subfield></datafield><datafield ind1=" " ind2="7" tag="650"><subfield code="a">Pauvres</subfield><subfield code="0">(IDREF)027528839</subfield><subfield code="2">idref</subfield></datafield><datafield ind1=" " ind2="7" tag="650"><subfield code="a">Pauvreté</subfield><subfield code="0">(IDREF)027528855</subfield><subfield code="2">idref</subfield></datafield><datafield ind1=" " ind2="7" tag="650"><subfield code="a">Lutte contre</subfield><subfield code="0">(IDREF)028938461</subfield><subfield code="2">idref</subfield></datafield><datafield ind1=" " ind2="7" tag="650"><subfield code="a">Préjugés</subfield><subfield code="0">(IDREF)02743138X</subfield><subfield code="2">idref</subfield></datafield><datafield ind1=" " ind2="7" tag="650"><subfield code="a">Aide sociale</subfield><subfield code="0">(IDREF)027344657</subfield><subfield code="2">idref</subfield></datafield><datafield ind1=" " ind2="7" tag="650"><subfield code="a">Politique sociale</subfield><subfield code="0">(IDREF)027274292</subfield><subfield code="2">idref</subfield></datafield><datafield ind1=" " ind2="7" tag="650"><subfield code="a">Stéréotype (psychologie)</subfield><subfield code="0">(IDREF)027821668</subfield><subfield code="2">idref</subfield></datafield><datafield ind1=" " ind2="7" tag="651"><subfield code="a">France</subfield><subfield code="0">(IDREF)027226794</subfield><subfield code="2">idref</subfield></datafield><datafield ind1="1" ind2=" " tag="700"><subfield code="a">Sarrot, Jean-Christophe</subfield><subfield code="d">1965-....</subfield><subfield code="0">(IDREF)111484731</subfield></datafield><datafield ind1="1" ind2=" " tag="700"><subfield code="a">Tardieu, Bruno</subfield><subfield code="0">(RERO)A003888217</subfield></datafield><datafield ind1="1" ind2=" " tag="700"><subfield code="a">Zimmer, Marie-France</subfield><subfield code="d">1958-....</subfield><subfield code="0">(IDREF)172440076</subfield></datafield><datafield ind1="2" ind2=" " tag="710"><subfield code="a">Mouvement international ATD quart monde</subfield><subfield code="0">(RERO)A000116523</subfield></datafield><datafield ind1=" " ind2=" " tag="900"><subfield code="a">REROnoselfmerge</subfield></datafield></record>
</metadata></record>