<record><header><identifier>oai:alma.41SLSP_UGE:991000045319705502</identifier><datestamp>2023-04-18T00:10:11Z</datestamp><setSpec>uge_bcen_RapidILL_BOOK</setSpec><setSpec>uge_aaca_RapidILL_BOOK</setSpec><setSpec>uge_abels_RapidILL_BOOK</setSpec><setSpec>uge_dbu_RapidILL_BOOK</setSpec><setSpec>uge_cmu_RapidILL_BOOK</setSpec><setSpec>uge_mail_RapidILL_BOOK</setSpec><setSpec>uge_abbat_RapidILL_BOOK</setSpec><setSpec>UNIGE_ALL</setSpec><setSpec>uge_aobs_RapidILL_BOOK</setSpec><setSpec>uge_acar_RapidILL_BOOK</setSpec></header><metadata>
<record xmlns="http://www.loc.gov/MARC21/slim" xmlns:xsi="http://www.w3.org/2001/XMLSchema-instance" xsi:schemaLocation="http://www.loc.gov/MARC21/slim http://www.loc.gov/standards/marcxml/schema/MARC21slim.xsd"><leader>02365nam a2200517 c 4500</leader><controlfield tag="001">991000045319705502</controlfield><controlfield tag="005">20230417204057.0</controlfield><controlfield tag="008">201011s2005    gw ||||| |||| 10| ||eng d</controlfield><datafield ind1=" " ind2=" " tag="020"><subfield code="a">3540297405</subfield></datafield><datafield ind1=" " ind2=" " tag="020"><subfield code="a">9783540297406</subfield></datafield><datafield ind1=" " ind2=" " tag="020"><subfield code="a">9783540322412</subfield><subfield code="q">eBook</subfield></datafield><datafield ind1=" " ind2=" " tag="035"><subfield code="a">(swissbib)230753450-41slsp_network</subfield></datafield><datafield ind1=" " ind2=" " tag="035"><subfield code="a">230753450</subfield><subfield code="9">ExL</subfield></datafield><datafield ind1=" " ind2=" " tag="035"><subfield code="a">(RERO)R003981587-41slsp</subfield></datafield><datafield ind1=" " ind2=" " tag="035"><subfield code="a">(NEBIS)005106034EBI01</subfield></datafield><datafield ind1=" " ind2=" " tag="035"><subfield code="a">(EXLNZ-41SLSP_NETWORK)991076404489705501</subfield></datafield><datafield ind1=" " ind2=" " tag="040"><subfield code="a">RERO neuses</subfield><subfield code="d">CH-ZuSLS</subfield></datafield><datafield ind1=" " ind2="7" tag="072"><subfield code="a">in</subfield><subfield code="2">rero</subfield></datafield><datafield ind1="0" ind2="0" tag="245"><subfield code="a">String processing and information retrieval</subfield><subfield code="b">12th international conference, SPIRE 2005, Buenos Aires, Argentina, November 2-4, 2005 : proceedings</subfield><subfield code="c">Mariano Consens, Gonzalo Navarro (eds.)</subfield></datafield><datafield ind1="1" ind2=" " tag="246"><subfield code="a">SPIRE 2005</subfield></datafield><datafield ind1=" " ind2="1" tag="264"><subfield code="a">Berlin [etc.]</subfield><subfield code="b">Springer</subfield><subfield code="c">[2005]</subfield></datafield><datafield ind1=" " ind2="4" tag="264"><subfield code="c">© 2005</subfield></datafield><datafield ind1=" " ind2=" " tag="300"><subfield code="a">XIV, 406 p.</subfield><subfield code="b">ill.</subfield><subfield code="c">24 cm</subfield></datafield><datafield ind1=" " ind2=" " tag="336"><subfield code="b">txt</subfield><subfield code="2">rdacontent</subfield></datafield><datafield ind1=" " ind2=" " tag="337"><subfield code="b">n</subfield><subfield code="2">rdamedia</subfield></datafield><datafield ind1=" " ind2=" " tag="338"><subfield code="b">nc</subfield><subfield code="2">rdacarrier</subfield></datafield><datafield ind1="1" ind2=" " tag="490"><subfield code="a">Lecture notes in computer science</subfield><subfield code="v">3772</subfield></datafield><datafield ind1=" " ind2=" " tag="500"><subfield code="a">Variante du titre: SPIRE 2005</subfield></datafield><datafield ind1=" " ind2=" " tag="500"><subfield code="a">La couv. porte: Dialogues 2005</subfield></datafield><datafield ind1=" " ind2="7" tag="650"><subfield code="a">Recherche de l'information</subfield><subfield code="0">(IDREF)03078719X</subfield><subfield code="2">idref</subfield></datafield><datafield ind1=" " ind2="7" tag="650"><subfield code="a">Exploration de données</subfield><subfield code="0">(IDREF)035198222</subfield><subfield code="2">idref</subfield></datafield><datafield ind1=" " ind2="7" tag="650"><subfield code="a">Bibliothèques numériques</subfield><subfield code="0">(IDREF)035536411</subfield><subfield code="2">idref</subfield></datafield><datafield ind1=" " ind2="7" tag="650"><subfield code="a">Expressions rationnelles</subfield><subfield code="0">(IDREF)086836137</subfield><subfield code="2">idref</subfield></datafield><datafield ind1=" " ind2="0" tag="650"><subfield code="a">Text processing (Computer science)</subfield><subfield code="x">Congresses</subfield></datafield><datafield ind1=" " ind2="0" tag="650"><subfield code="a">Information storage and retrieval systems</subfield><subfield code="x">Congresses</subfield></datafield><datafield ind1=" " ind2="0" tag="650"><subfield code="a">Information storage and retrieval systems</subfield></datafield><datafield ind1=" " ind2="4" tag="650"><subfield code="a">Information Storage and Retrieval</subfield></datafield><datafield ind1=" " ind2="7" tag="650"><subfield code="a">INFORMATIONSSPEICHERUNG + INFORMATIONSGEWINNUNG (INFORMATIONSSYSTEME)</subfield><subfield code="9">ger</subfield><subfield code="0">(ETHUDK)000013726</subfield><subfield code="2">ethudk</subfield></datafield><datafield ind1=" " ind2="7" tag="650"><subfield code="a">TEXTVERARBEITUNG (ELECTRONIC PUBLISHING)</subfield><subfield code="9">ger</subfield><subfield code="0">(ETHUDK)000034766</subfield><subfield code="2">ethudk</subfield></datafield><datafield ind1=" " ind2="7" tag="655"><subfield code="a">Actes de congrès</subfield><subfield code="0">(IDREF)02886431X</subfield><subfield code="2">idref</subfield></datafield><datafield ind1=" " ind2="7" tag="655"><subfield code="a">Konferenzschrift</subfield><subfield code="z">Buenos Aires</subfield><subfield code="y">2005</subfield><subfield code="2">gnd-content</subfield></datafield><datafield ind1="1" ind2=" " tag="700"><subfield code="a">Consens, Mariano</subfield><subfield code="0">(RERO)A011890066</subfield></datafield><datafield ind1="2" ind2=" " tag="711"><subfield code="a">SPIRE (String Processing and Information Retrieval)</subfield><subfield code="0">(DE-588)1092295658</subfield></datafield><datafield ind1="2" ind2=" " tag="711"><subfield code="a">International Symposium on String Processing and Information Retrieval</subfield><subfield code="n">12</subfield><subfield code="d">2005</subfield><subfield code="c">Buenos Aires</subfield><subfield code="0">(RERO)A012494302</subfield></datafield><datafield ind1=" " ind2=" " tag="830"><subfield code="a">Lecture notes in computer science</subfield><subfield code="n">3000 (2004) to 4999 (2008)</subfield><subfield code="v">3772</subfield><subfield code="w">(NEBIS)004701431EBI01</subfield></datafield><datafield ind1=" " ind2=" " tag="830"><subfield code="a">Lecture notes in computer science</subfield><subfield code="v">3772</subfield><subfield code="w">(RERO)0078255-41slsp</subfield></datafield><datafield ind1=" " ind2=" " tag="900"><subfield code="a">REROnoselfmerge</subfield></datafield></record>
</metadata></record>