<record><header><identifier>oai:alma.41SLSP_UGE:991000045839705502</identifier><datestamp>2023-03-01T01:09:18Z</datestamp><setSpec>uge_bcen_RapidILL_BOOK</setSpec><setSpec>uge_aaca_RapidILL_BOOK</setSpec><setSpec>uge_abels_RapidILL_BOOK</setSpec><setSpec>uge_dbu_RapidILL_BOOK</setSpec><setSpec>uge_cmu_RapidILL_BOOK</setSpec><setSpec>uge_mail_RapidILL_BOOK</setSpec><setSpec>uge_abbat_RapidILL_BOOK</setSpec><setSpec>UNIGE_ALL</setSpec><setSpec>uge_aobs_RapidILL_BOOK</setSpec><setSpec>uge_acar_RapidILL_BOOK</setSpec></header><metadata>
<record xmlns="http://www.loc.gov/MARC21/slim" xmlns:xsi="http://www.w3.org/2001/XMLSchema-instance" xsi:schemaLocation="http://www.loc.gov/MARC21/slim http://www.loc.gov/standards/marcxml/schema/MARC21slim.xsd"><leader>01517nam a2200397uc 4500</leader><controlfield tag="001">991000045839705502</controlfield><controlfield tag="005">20230228195229.0</controlfield><controlfield tag="008">201011s1964    gw ||||| |||| 00| ||ger d</controlfield><datafield ind1=" " ind2=" " tag="035"><subfield code="a">(swissbib)224350242-41slsp_network</subfield></datafield><datafield ind1=" " ind2=" " tag="035"><subfield code="a">224350242</subfield><subfield code="9">ExL</subfield></datafield><datafield ind1=" " ind2=" " tag="035"><subfield code="a">(IDSBB)000709490DSV01</subfield></datafield><datafield ind1=" " ind2=" " tag="035"><subfield code="a">(RERO)R006361972-41slsp</subfield></datafield><datafield ind1=" " ind2=" " tag="035"><subfield code="a">(EXLNZ-41SLSP_NETWORK)991064078419705501</subfield></datafield><datafield ind1=" " ind2=" " tag="040"><subfield code="a">SzZuIDS BS/BE A100</subfield><subfield code="b">ger</subfield><subfield code="e">kids</subfield><subfield code="d">CH-ZuSLS</subfield></datafield><datafield ind1=" " ind2="7" tag="072"><subfield code="a">ch</subfield><subfield code="2">SzZuIDS BS/BE</subfield></datafield><datafield ind1=" " ind2="7" tag="072"><subfield code="a">ch</subfield><subfield code="2">rero</subfield></datafield><datafield ind1="1" ind2=" " tag="100"><subfield code="a">Weygand, Conrad</subfield><subfield code="d">1890-1945</subfield><subfield code="0">(DE-588)1055178422</subfield><subfield code="6">880-01</subfield></datafield><datafield ind1="1" ind2=" " tag="880"><subfield code="6">100-01</subfield><subfield code="a">Weygand, Conrad</subfield><subfield code="d">1890-1945</subfield><subfield code="0">(IDREF)185137474</subfield><subfield code="4">cre</subfield></datafield><datafield ind1="1" ind2="0" tag="245"><subfield code="a">Organisch-chemische Experimentierkunst</subfield><subfield code="c">[Conrad] Weygand ; hrsg. v. G. Hilgetag, zusammen mit A. Martini ; bearb. v. Ch. Bischoff ... [et al.]</subfield></datafield><datafield ind1="1" ind2=" " tag="246"><subfield code="a">Organisch-chemische Experimentierkunst</subfield></datafield><datafield ind1=" " ind2=" " tag="250"><subfield code="a">3. neubearb. Aufl.</subfield><subfield code="b">hrsg. G. Hilgetag, A. Martini</subfield></datafield><datafield ind1=" " ind2="1" tag="264"><subfield code="a">Leipzig</subfield><subfield code="b">Barth</subfield><subfield code="c">1964</subfield></datafield><datafield ind1=" " ind2=" " tag="300"><subfield code="a">XXVI, 1142 S.</subfield><subfield code="b">Ill.</subfield><subfield code="c">24 cm</subfield></datafield><datafield ind1=" " ind2=" " tag="336"><subfield code="b">txt</subfield><subfield code="2">rdacontent</subfield></datafield><datafield ind1=" " ind2=" " tag="337"><subfield code="b">n</subfield><subfield code="2">rdamedia</subfield></datafield><datafield ind1=" " ind2=" " tag="338"><subfield code="b">nc</subfield><subfield code="2">rdacarrier</subfield></datafield><datafield ind1=" " ind2=" " tag="500"><subfield code="a">Vortitel: Weygand-Hilgetag</subfield></datafield><datafield ind1=" " ind2="4" tag="650"><subfield code="a">Labortechnik</subfield></datafield><datafield ind1=" " ind2="4" tag="650"><subfield code="a">Organische Chemie</subfield></datafield><datafield ind1=" " ind2="4" tag="650"><subfield code="a">Präparative organische Chemie</subfield></datafield><datafield ind1=" " ind2="7" tag="650"><subfield code="a">Chimie organique</subfield><subfield code="0">(IDREF)027285782</subfield><subfield code="2">idref</subfield></datafield><datafield ind1=" " ind2="7" tag="650"><subfield code="a">technique de laboratoire</subfield><subfield code="0">(RERO)A010032070</subfield><subfield code="2">rerovoc</subfield></datafield><datafield ind1=" " ind2="7" tag="655"><subfield code="a">Manuels d'enseignement</subfield><subfield code="0">(IDREF)027446514</subfield><subfield code="2">idref</subfield></datafield><datafield ind1="1" ind2=" " tag="700"><subfield code="a">Hilgetag, Günter</subfield><subfield code="0">(RERO)A020184276</subfield></datafield><datafield ind1="1" ind2=" " tag="700"><subfield code="a">Martini, A</subfield><subfield code="0">(RERO)A020184277</subfield></datafield><datafield ind1="1" ind2=" " tag="700"><subfield code="a">Hilgetag, G.</subfield></datafield><datafield ind1=" " ind2=" " tag="900"><subfield code="a">REROnoselfmerge</subfield></datafield></record>
</metadata></record>