<record><header><identifier>oai:alma.41SLSP_UGE:991000045229705502</identifier><datestamp>2024-05-03T01:52:01Z</datestamp><setSpec>uge_bcen_RapidILL_BOOK</setSpec><setSpec>uge_aaca_RapidILL_BOOK</setSpec><setSpec>uge_abels_RapidILL_BOOK</setSpec><setSpec>uge_dbu_RapidILL_BOOK</setSpec><setSpec>uge_cmu_RapidILL_BOOK</setSpec><setSpec>uge_mail_RapidILL_BOOK</setSpec><setSpec>uge_abbat_RapidILL_BOOK</setSpec><setSpec>UNIGE_ALL</setSpec><setSpec>uge_aobs_RapidILL_BOOK</setSpec><setSpec>uge_acar_RapidILL_BOOK</setSpec></header><metadata>
<record xmlns="http://www.loc.gov/MARC21/slim" xmlns:xsi="http://www.w3.org/2001/XMLSchema-instance" xsi:schemaLocation="http://www.loc.gov/MARC21/slim http://www.loc.gov/standards/marcxml/schema/MARC21slim.xsd"><leader>03243nam a2200589uc 4500</leader><controlfield tag="001">991000045229705502</controlfield><controlfield tag="005">20230117181111.0</controlfield><controlfield tag="008">201011t19961996fr     |      10| ||fre|d</controlfield><datafield ind1=" " ind2=" " tag="020"><subfield code="a">2711834522</subfield></datafield><datafield ind1=" " ind2=" " tag="035"><subfield code="a">(swissbib)215034031-41slsp_network</subfield></datafield><datafield ind1=" " ind2=" " tag="035"><subfield code="a">215034031</subfield><subfield code="9">ExL</subfield></datafield><datafield ind1=" " ind2=" " tag="035"><subfield code="a">(NEBIS)001847481EBI01</subfield></datafield><datafield ind1=" " ind2=" " tag="035"><subfield code="a">(RERO)2299475-41slsp</subfield></datafield><datafield ind1=" " ind2=" " tag="035"><subfield code="a">(IDSBB)001482526DSV01</subfield></datafield><datafield ind1=" " ind2=" " tag="035"><subfield code="a">(EXLNZ-41SLSP_NETWORK)991070308509705501</subfield></datafield><datafield ind1=" " ind2=" " tag="040"><subfield code="a">SIK</subfield><subfield code="b">ger</subfield><subfield code="e">ETHICS-ISBD</subfield><subfield code="d">CH-ZuSLS</subfield></datafield><datafield ind1=" " ind2="7" tag="072"><subfield code="a">ba</subfield><subfield code="2">rero</subfield></datafield><datafield ind1=" " ind2="7" tag="072"><subfield code="a">kh</subfield><subfield code="2">SzZuIDS BS/BE</subfield></datafield><datafield ind1="0" ind2="0" tag="245"><subfield code="a">&lt;&lt;La&gt;&gt; griffe et la dent</subfield><subfield code="b">Antoine Louis Barye (1795-1875), sculpteur animalier</subfield><subfield code="c">Isabelle Leroy-Jay Lemaistre; avec la collab. de Béatrice Tupinier Barrillon</subfield></datafield><datafield ind1=" " ind2="1" tag="264"><subfield code="a">Paris</subfield><subfield code="b">Réunion des Musées Nationaux</subfield><subfield code="c">[1996]</subfield></datafield><datafield ind1=" " ind2="4" tag="264"><subfield code="c">©1996</subfield></datafield><datafield ind1=" " ind2=" " tag="300"><subfield code="a">134 S.</subfield><subfield code="c">24 cm</subfield><subfield code="b">Ill., z.T. farb.</subfield></datafield><datafield ind1=" " ind2=" " tag="336"><subfield code="b">txt</subfield><subfield code="2">rdacontent</subfield></datafield><datafield ind1=" " ind2=" " tag="337"><subfield code="b">n</subfield><subfield code="2">rdamedia</subfield></datafield><datafield ind1=" " ind2=" " tag="338"><subfield code="b">nc</subfield><subfield code="2">rdacarrier</subfield></datafield><datafield ind1="1" ind2=" " tag="490"><subfield code="a">Les dossiers du Musée du Louvre. Exposition-dossier du Département des Sculptures</subfield><subfield code="v">51</subfield></datafield><datafield ind1=" " ind2=" " tag="500"><subfield code="a">Exposition. Paris. Musée du Louvre. Aile Richelieu. 1996-1997</subfield></datafield><datafield ind1=" " ind2=" " tag="500"><subfield code="a">Cette exposition sera également présentée au Musée des beaux-arts de Lyon, du 16 octobre 1997 au 11 janvier 1998</subfield></datafield><datafield ind1=" " ind2=" " tag="500"><subfield code="a">Exposition, présentée au musée du Louvre, Paris du 14 octobre 1996 au 13 janvier 1997. Elle sera présentée au musée des Beaux-Arts de Lyon du 16 octobre 1997 au 11 janvier 1998</subfield></datafield><datafield ind1=" " ind2=" " tag="500"><subfield code="a">Ausstellung (Paris ; Musée national du Louvre ; 1996/1997)</subfield></datafield><datafield ind1=" " ind2=" " tag="500"><subfield code="a">Ausstellung (Lyon ; Musée des Beaux-Arts ; 1997/1998)</subfield></datafield><datafield ind1="1" ind2="7" tag="600"><subfield code="a">Barye, Antoine-Louis</subfield><subfield code="d">1795-1875</subfield><subfield code="0">(DE-588)118657437</subfield><subfield code="2">gnd</subfield></datafield><datafield ind1="1" ind2="7" tag="600"><subfield code="a">Barye, Antoine Louis</subfield><subfield code="d">1795-1875</subfield><subfield code="0">(IDREF)028036417</subfield><subfield code="2">idref</subfield></datafield><datafield ind1=" " ind2="7" tag="650"><subfield code="a">BILDHAUER + BILDHAUERINNEN (KUNST)</subfield><subfield code="9">ger</subfield><subfield code="0">(ETHUDK)000035747</subfield><subfield code="2">ethudk</subfield></datafield><datafield ind1=" " ind2="7" tag="650"><subfield code="a">FRANKREICH (WESTEUROPA). FRANZÖSISCHE REPUBLIK</subfield><subfield code="9">ger</subfield><subfield code="0">(ETHUDK)000003272</subfield><subfield code="2">ethudk</subfield></datafield><datafield ind1=" " ind2="7" tag="650"><subfield code="a">NEUNZEHNTES JAHRHUNDERT N. CHR.</subfield><subfield code="9">ger</subfield><subfield code="0">(ETHUDK)000008906</subfield><subfield code="2">ethudk</subfield></datafield><datafield ind1=" " ind2="7" tag="650"><subfield code="a">PUBLIKATIONEN ZU TEMPORÄREN AUSSTELLUNGEN</subfield><subfield code="9">ger</subfield><subfield code="0">(ETHUDK)000009298</subfield><subfield code="2">ethudk</subfield></datafield><datafield ind1=" " ind2="7" tag="650"><subfield code="a">SKULPTUREN + STATUEN + BÜSTEN (BILDHAUEREI)</subfield><subfield code="9">ger</subfield><subfield code="0">(ETHUDK)000035758</subfield><subfield code="2">ethudk</subfield></datafield><datafield ind1=" " ind2="7" tag="655"><subfield code="a">Ausstellungskatalog</subfield><subfield code="z">Paris</subfield><subfield code="y">1996</subfield><subfield code="b">1997</subfield><subfield code="b">1998</subfield><subfield code="2">gnd-content</subfield></datafield><datafield ind1=" " ind2="7" tag="655"><subfield code="a">Ausstellungskatalog</subfield><subfield code="z">Lyon</subfield><subfield code="y">1996</subfield><subfield code="b">1997</subfield><subfield code="b">1998</subfield><subfield code="2">gnd-content</subfield></datafield><datafield ind1=" " ind2="7" tag="655"><subfield code="a">Catalogues d'exposition</subfield><subfield code="0">(IDREF)027320456</subfield><subfield code="2">idref</subfield></datafield><datafield ind1=" " ind2="7" tag="655"><subfield code="a">Ausstellungskatalog</subfield><subfield code="z">Paris</subfield><subfield code="y">1996</subfield><subfield code="2">gnd-content</subfield></datafield><datafield ind1=" " ind2=" " tag="690"><subfield code="a">Barye, Antoine-Louis</subfield><subfield code="2">ubs-A5</subfield></datafield><datafield ind1="1" ind2=" " tag="700"><subfield code="a">Barye, Antoine-Louis</subfield><subfield code="d">1795-1875</subfield><subfield code="0">(DE-588)118657437</subfield></datafield><datafield ind1="1" ind2=" " tag="700"><subfield code="a">Leroy-Jay Lemaistre, Isabelle</subfield><subfield code="d">19..-....</subfield><subfield code="0">(IDREF)026982005</subfield></datafield><datafield ind1="1" ind2=" " tag="700"><subfield code="a">Tupinier Barrillon, Béatrice</subfield><subfield code="0">(IDREF)034876960</subfield></datafield><datafield ind1="2" ind2=" " tag="710"><subfield code="a">Musée du Louvre</subfield><subfield code="0">(DE-588)1006837-5</subfield></datafield><datafield ind1="2" ind2=" " tag="710"><subfield code="a">Musée des beaux-arts de Lyon</subfield><subfield code="0">(DE-588)2065672-5</subfield></datafield><datafield ind1="2" ind2=" " tag="711"><subfield code="a">&lt;&lt;La&gt;&gt; Griffe et la Dent: Antoine Louis Barye (1795-1875), Sculpteur Animalier (1996-1997 ; Paris etc.)</subfield><subfield code="0">(DE-588)1092052941</subfield></datafield><datafield ind1=" " ind2=" " tag="830"><subfield code="a">&lt;&lt;Les&gt;&gt; dossiers du Musée du Louvre</subfield><subfield code="p">Exposition-dossier du Département des Sculptures</subfield><subfield code="v">51</subfield><subfield code="w">(NEBIS)001679660EBI01</subfield></datafield><datafield ind1=" " ind2=" " tag="830"><subfield code="a">&lt;&lt;Les&gt;&gt; dossiers du Département des peintures</subfield><subfield code="v">51</subfield><subfield code="w">(RERO)0027556-41slsp</subfield></datafield><datafield ind1=" " ind2=" " tag="830"><subfield code="a">&lt;&lt;Les&gt;&gt; dossiers du Musée du Louvre</subfield><subfield code="v">51</subfield><subfield code="w">(IDSBB)001176065DSV01</subfield></datafield><datafield ind1=" " ind2=" " tag="900"><subfield code="a">REROnoselfmerge</subfield></datafield><datafield ind1=" " ind2=" " tag="993"><subfield code="a">BFLA 108917</subfield><subfield code="x">ge/ulha/a/97</subfield><subfield code="9">LOCAL</subfield></datafield></record>
</metadata></record>