<record><header><identifier>oai:alma.41SLSP_UGE:991000045859705502</identifier><datestamp>2023-03-29T00:16:00Z</datestamp><setSpec>uge_bcen_RapidILL_BOOK</setSpec><setSpec>uge_aaca_RapidILL_BOOK</setSpec><setSpec>uge_abels_RapidILL_BOOK</setSpec><setSpec>uge_dbu_RapidILL_BOOK</setSpec><setSpec>uge_cmu_RapidILL_BOOK</setSpec><setSpec>uge_mail_RapidILL_BOOK</setSpec><setSpec>uge_abbat_RapidILL_BOOK</setSpec><setSpec>UNIGE_ALL</setSpec><setSpec>uge_acar_RapidILL_BOOK</setSpec><setSpec>uge_aobs_RapidILL_BOOK</setSpec></header><metadata>
<record xmlns="http://www.loc.gov/MARC21/slim" xmlns:xsi="http://www.w3.org/2001/XMLSchema-instance" xsi:schemaLocation="http://www.loc.gov/MARC21/slim http://www.loc.gov/standards/marcxml/schema/MARC21slim.xsd"><leader>02109nam a2200493 c 4500</leader><controlfield tag="001">991000045859705502</controlfield><controlfield tag="005">20230328194412.0</controlfield><controlfield tag="008">201011s2000    sz ||||| |||| 00| ||fre d</controlfield><datafield ind1=" " ind2=" " tag="020"><subfield code="a">2940060266</subfield></datafield><datafield ind1=" " ind2=" " tag="035"><subfield code="a">(swissbib)232089582-41slsp_network</subfield></datafield><datafield ind1=" " ind2=" " tag="035"><subfield code="a">232089582</subfield><subfield code="9">ExL</subfield></datafield><datafield ind1=" " ind2=" " tag="035"><subfield code="a">(RERO)R003013606-41slsp</subfield></datafield><datafield ind1=" " ind2=" " tag="035"><subfield code="a">(NEBIS)008312547EBI01</subfield></datafield><datafield ind1=" " ind2=" " tag="035"><subfield code="a">(IDSBB)002254955DSV01</subfield></datafield><datafield ind1=" " ind2=" " tag="035"><subfield code="a">(EXLNZ-41SLSP_NETWORK)991147792359705501</subfield></datafield><datafield ind1=" " ind2=" " tag="040"><subfield code="a">RERO neueth</subfield><subfield code="d">CH-ZuSLS</subfield></datafield><datafield ind1=" " ind2=" " tag="044"><subfield code="a">sz</subfield><subfield code="c">ch-ne</subfield></datafield><datafield ind1=" " ind2="7" tag="072"><subfield code="a">go</subfield><subfield code="2">rero</subfield></datafield><datafield ind1="1" ind2=" " tag="100"><subfield code="a">Jeanneret, Pierre-Yves</subfield><subfield code="d">19..-....</subfield><subfield code="0">(IDREF)061626252</subfield><subfield code="4">cre</subfield></datafield><datafield ind1="1" ind2="0" tag="245"><subfield code="a">Tourisme et protection de l'environnement</subfield><subfield code="b">du conflit à la négociation : l'exemple du développement touristique du Clos-du-Doubs (Canton du Jura)</subfield><subfield code="c">Jeanneret Pierre-Yves</subfield></datafield><datafield ind1=" " ind2="1" tag="264"><subfield code="a">Neuchâtel</subfield><subfield code="b">Université de Neuchâtel. Institut de Géographie</subfield><subfield code="c">2000</subfield></datafield><datafield ind1=" " ind2=" " tag="300"><subfield code="a">123 p.</subfield><subfield code="b">ill.</subfield><subfield code="c">30 cm</subfield></datafield><datafield ind1=" " ind2=" " tag="336"><subfield code="b">txt</subfield><subfield code="2">rdacontent</subfield></datafield><datafield ind1=" " ind2=" " tag="337"><subfield code="b">n</subfield><subfield code="2">rdamedia</subfield></datafield><datafield ind1=" " ind2=" " tag="338"><subfield code="b">nc</subfield><subfield code="2">rdacarrier</subfield></datafield><datafield ind1="1" ind2=" " tag="490"><subfield code="a">Géo-regards</subfield><subfield code="v">no 52</subfield></datafield><datafield ind1=" " ind2=" " tag="500"><subfield code="a">Mémoire de licence, Université de Neuchâtel, 1999</subfield></datafield><datafield ind1=" " ind2=" " tag="502"><subfield code="a">Mémoire de licence Univ. Neuchâtel, 1999</subfield></datafield><datafield ind1=" " ind2=" " tag="504"><subfield code="a">Bibliogr.: p. 109-113</subfield></datafield><datafield ind1=" " ind2="7" tag="650"><subfield code="a">Tourisme</subfield><subfield code="0">(IDREF)02726520X</subfield><subfield code="2">idref</subfield></datafield><datafield ind1=" " ind2="7" tag="650"><subfield code="a">Aménagement du territoire</subfield><subfield code="0">(IDREF)027257479</subfield><subfield code="2">idref</subfield></datafield><datafield ind1=" " ind2="7" tag="650"><subfield code="a">Environnement</subfield><subfield code="0">(IDREF)027772616</subfield><subfield code="2">idref</subfield></datafield><datafield ind1=" " ind2="7" tag="650"><subfield code="a">Protection</subfield><subfield code="0">(IDREF)027790150</subfield><subfield code="2">idref</subfield></datafield><datafield ind1=" " ind2="7" tag="650"><subfield code="a">Conflits d'intérêts</subfield><subfield code="0">(IDREF)027825221</subfield><subfield code="2">idref</subfield></datafield><datafield ind1=" " ind2="7" tag="650"><subfield code="a">Négociations</subfield><subfield code="0">(IDREF)027476464</subfield><subfield code="2">idref</subfield></datafield><datafield ind1=" " ind2="7" tag="651"><subfield code="a">Clos du Doubs (Suisse, France ; région transfrontière)</subfield><subfield code="0">(IDREF)177153318</subfield><subfield code="2">idref</subfield></datafield><datafield ind1=" " ind2="7" tag="655"><subfield code="a">Hochschulschrift</subfield><subfield code="2">gnd-content</subfield></datafield><datafield ind1=" " ind2=" " tag="690"><subfield code="a">130e</subfield><subfield code="d">Auswirkungen des Tourismus</subfield><subfield code="2">uzb-UJ</subfield></datafield><datafield ind1=" " ind2=" " tag="690"><subfield code="a">730</subfield><subfield code="d">Tourismus/Erholung und Umwelt (Nutzungskonflikte)</subfield><subfield code="2">uzb-UJ</subfield></datafield><datafield ind1=" " ind2=" " tag="690"><subfield code="a">240</subfield><subfield code="d">Jura (Kanton)</subfield><subfield code="2">uzb-UJ</subfield></datafield><datafield ind1=" " ind2=" " tag="690"><subfield code="a">219-13</subfield><subfield code="d">Schweiz: Tourismus und Umwelt</subfield><subfield code="2">uzb-UJ</subfield></datafield><datafield ind1="1" ind2=" " tag="700"><subfield code="a">Chiffelle, Frédéric</subfield><subfield code="d">1938-</subfield><subfield code="0">(DE-588)1089104480</subfield><subfield code="e">Akademischer Betreuer</subfield><subfield code="4">dgs</subfield></datafield><datafield ind1=" " ind2=" " tag="830"><subfield code="a">Géo-regards</subfield><subfield code="v">52</subfield><subfield code="w">(IDSBB)000726664DSV01</subfield></datafield><datafield ind1=" " ind2=" " tag="830"><subfield code="a">Géo-regards</subfield><subfield code="v">52</subfield><subfield code="w">(RERO)R003153142-41slsp</subfield></datafield><datafield ind1=" " ind2=" " tag="900"><subfield code="a">REROnoselfmerge</subfield></datafield></record>
</metadata></record>