<record><header><identifier>oai:alma.41SLSP_UGE:991000045749705502</identifier><datestamp>2023-03-01T01:09:18Z</datestamp><setSpec>UNIGE_ALL</setSpec></header><metadata>
<record xmlns="http://www.loc.gov/MARC21/slim" xmlns:xsi="http://www.w3.org/2001/XMLSchema-instance" xsi:schemaLocation="http://www.loc.gov/MARC21/slim http://www.loc.gov/standards/marcxml/schema/MARC21slim.xsd"><leader>01538njm a22003857c 4500</leader><controlfield tag="001">991000045749705502</controlfield><controlfield tag="005">20211102200604.0</controlfield><controlfield tag="007">sd b||||||||||</controlfield><controlfield tag="008">110122s1977    xx ||n |            ger d</controlfield><datafield ind1="0" ind2="2" tag="028"><subfield code="a">EMI 1C 065-30 742 Q</subfield></datafield><datafield ind1=" " ind2=" " tag="035"><subfield code="a">(swissbib)113574347-41slsp_network</subfield></datafield><datafield ind1=" " ind2=" " tag="035"><subfield code="a">113574347</subfield><subfield code="9">ExL</subfield></datafield><datafield ind1=" " ind2=" " tag="035"><subfield code="a">(RERO)R006022911-41slsp</subfield></datafield><datafield ind1=" " ind2=" " tag="035"><subfield code="a">(EXLNZ-41SLSP_NETWORK)991001045969705501</subfield></datafield><datafield ind1=" " ind2=" " tag="040"><subfield code="a">RERO geulmu</subfield><subfield code="d">CH-ZuSLS</subfield></datafield><datafield ind1="0" ind2=" " tag="041"><subfield code="a">ger</subfield><subfield code="a">eng</subfield></datafield><datafield ind1=" " ind2="7" tag="072"><subfield code="a">mu</subfield><subfield code="2">rero</subfield></datafield><datafield ind1="1" ind2=" " tag="100"><subfield code="a">Schubert, Franz</subfield><subfield code="d">1797-1828</subfield><subfield code="0">(IDREF)02734262X</subfield><subfield code="4">cre</subfield></datafield><datafield ind1="1" ind2="0" tag="245"><subfield code="a">&lt;&lt;Der&gt;&gt; vierjährige Posten D 190</subfield><subfield code="b">Gesamtaufnahme</subfield><subfield code="c">Franz Schubert ; Libretto von Theodor Körner</subfield></datafield><datafield ind1=" " ind2="1" tag="264"><subfield code="a">[Lieu de publication non identifié]</subfield><subfield code="b">[éditeur non identifié]</subfield><subfield code="c">1977</subfield></datafield><datafield ind1=" " ind2=" " tag="300"><subfield code="a">1 disque sonore</subfield><subfield code="b">33 t.</subfield></datafield><datafield ind1=" " ind2=" " tag="336"><subfield code="b">prm</subfield><subfield code="2">rdacontent</subfield></datafield><datafield ind1=" " ind2=" " tag="337"><subfield code="b">s</subfield><subfield code="2">rdamedia</subfield></datafield><datafield ind1=" " ind2=" " tag="338"><subfield code="b">sd</subfield><subfield code="2">rdacarrier</subfield></datafield><datafield ind1=" " ind2=" " tag="500"><subfield code="a">Formation: solistes vocaux, choeur, orchestre symphonique</subfield></datafield><datafield ind1=" " ind2=" " tag="500"><subfield code="a">Langue(s) chantée(s) : allemand</subfield></datafield><datafield ind1="0" ind2=" " tag="505"><subfield code="a">[Opéras. Die vierjährige Posten. D 190] ; [Die vierjährige Posten. D 190]</subfield></datafield><datafield ind1="1" ind2=" " tag="700"><subfield code="a">Donath, Helen</subfield><subfield code="d">1940-....</subfield><subfield code="0">(IDREF)081260385</subfield></datafield><datafield ind1="1" ind2=" " tag="700"><subfield code="a">Fischer-Dieskau, Dietrich</subfield><subfield code="d">1925-2012</subfield><subfield code="0">(IDREF)03087937X</subfield></datafield><datafield ind1="1" ind2=" " tag="700"><subfield code="a">Körner, Theodor</subfield><subfield code="d">1791-1813</subfield><subfield code="0">(IDREF)029679036</subfield></datafield><datafield ind1="1" ind2=" " tag="700"><subfield code="a">Lenz, Friedrich</subfield><subfield code="d">1926-2015</subfield><subfield code="0">(IDREF)157649695</subfield></datafield><datafield ind1="1" ind2=" " tag="700"><subfield code="a">Schmidhuber, Josef</subfield><subfield code="d">19..-....</subfield><subfield code="0">(IDREF)081452993</subfield></datafield><datafield ind1="1" ind2=" " tag="700"><subfield code="a">Wallberg, Heinz</subfield><subfield code="0">(RERO)A003955562</subfield></datafield><datafield ind1="2" ind2=" " tag="710"><subfield code="a">Bayerischer Rundfunk</subfield><subfield code="b">Chor</subfield><subfield code="0">(IDREF)081260393</subfield></datafield><datafield ind1="2" ind2=" " tag="710"><subfield code="a">München Rundfunkorchester</subfield><subfield code="g">München</subfield><subfield code="0">(IDREF)113738307</subfield></datafield><datafield ind1=" " ind2=" " tag="900"><subfield code="a">REROnoselfmerge</subfield></datafield><datafield ind1=" " ind2=" " tag="960"><subfield code="2">matmu</subfield><subfield code="a">Autriche ; XIXe ; Romantisme ; Opéras</subfield><subfield code="9">LOCAL</subfield></datafield></record>
</metadata></record>