<record><header><identifier>oai:alma.41SLSP_UGE:991000046079705502</identifier><datestamp>2023-11-25T02:40:24Z</datestamp><setSpec>uge_bcen_RapidILL_BOOK</setSpec><setSpec>uge_aaca_RapidILL_BOOK</setSpec><setSpec>uge_abels_RapidILL_BOOK</setSpec><setSpec>uge_dbu_RapidILL_BOOK</setSpec><setSpec>uge_cmu_RapidILL_BOOK</setSpec><setSpec>uge_mail_RapidILL_BOOK</setSpec><setSpec>uge_abbat_RapidILL_BOOK</setSpec><setSpec>UNIGE_ALL</setSpec><setSpec>uge_acar_RapidILL_BOOK</setSpec><setSpec>uge_aobs_RapidILL_BOOK</setSpec></header><metadata>
<record xmlns="http://www.loc.gov/MARC21/slim" xmlns:xsi="http://www.w3.org/2001/XMLSchema-instance" xsi:schemaLocation="http://www.loc.gov/MARC21/slim http://www.loc.gov/standards/marcxml/schema/MARC21slim.xsd"><leader>03112nam a2200733 c 4500</leader><controlfield tag="001">991000046079705502</controlfield><controlfield tag="005">20230327175518.0</controlfield><controlfield tag="008">201012s1987    gw ||||| |||| 01| ||ger d</controlfield><datafield ind1=" " ind2=" " tag="019"><subfield code="a">1 notice analytique pour contribution de droit suisse</subfield><subfield code="5">RERO/14.05.1988/mc</subfield></datafield><datafield ind1=" " ind2=" " tag="020"><subfield code="a">3789013919</subfield></datafield><datafield ind1=" " ind2=" " tag="035"><subfield code="a">(swissbib)241693748-41slsp_network</subfield></datafield><datafield ind1=" " ind2=" " tag="035"><subfield code="a">241693748</subfield><subfield code="9">ExL</subfield></datafield><datafield ind1=" " ind2=" " tag="035"><subfield code="a">(RERO)0976570-41slsp</subfield></datafield><datafield ind1=" " ind2=" " tag="035"><subfield code="a">(NEBIS)000474315EBI01</subfield></datafield><datafield ind1=" " ind2=" " tag="035"><subfield code="a">(IDSBB)000446312DSV01</subfield></datafield><datafield ind1=" " ind2=" " tag="035"><subfield code="a">(ALEX)bv00260889</subfield></datafield><datafield ind1=" " ind2=" " tag="035"><subfield code="a">(EXLNZ-41SLSP_NETWORK)991044754249705501</subfield></datafield><datafield ind1=" " ind2=" " tag="040"><subfield code="a">RERO geubfd</subfield><subfield code="d">CH-ZuSLS</subfield></datafield><datafield ind1="0" ind2=" " tag="041"><subfield code="a">ger</subfield><subfield code="a">eng</subfield></datafield><datafield ind1=" " ind2="7" tag="072"><subfield code="a">dr</subfield><subfield code="2">rero</subfield></datafield><datafield ind1=" " ind2="7" tag="072"><subfield code="a">vw</subfield><subfield code="2">SzZuIDS BS/BE</subfield></datafield><datafield ind1=" " ind2="7" tag="072"><subfield code="a">bw</subfield><subfield code="2">SzZuIDS BS/BE</subfield></datafield><datafield ind1="0" ind2="4" tag="082"><subfield code="a">657.835</subfield></datafield><datafield ind1="1" ind2="4" tag="082"><subfield code="a">330</subfield><subfield code="2">15</subfield></datafield><datafield ind1=" " ind2=" " tag="084"><subfield code="a">A 40 g</subfield><subfield code="2">cjurrom</subfield></datafield><datafield ind1=" " ind2=" " tag="084"><subfield code="a">A 53 g</subfield><subfield code="2">cjurrom</subfield></datafield><datafield ind1=" " ind2=" " tag="084"><subfield code="a">PC 4630</subfield><subfield code="2">rvk</subfield></datafield><datafield ind1=" " ind2=" " tag="084"><subfield code="a">QB 920</subfield><subfield code="2">rvk</subfield></datafield><datafield ind1=" " ind2=" " tag="084"><subfield code="a">QP 870</subfield><subfield code="2">rvk</subfield></datafield><datafield ind1="0" ind2="0" tag="245"><subfield code="a">Doppik und Kameralistik</subfield><subfield code="b">Festschrift für Prof. Dr. Ludwig Mülhaupt zur Vollendung des 75. Lebensjahres</subfield><subfield code="c">Peter Eichhorn (Hrsg.)</subfield></datafield><datafield ind1=" " ind2="1" tag="264"><subfield code="a">Baden-Baden</subfield><subfield code="b">Nomos</subfield><subfield code="c">1987</subfield></datafield><datafield ind1=" " ind2=" " tag="300"><subfield code="a">355 S.</subfield><subfield code="c">23 cm</subfield><subfield code="b">Tab., Ill., Portrait</subfield></datafield><datafield ind1=" " ind2=" " tag="336"><subfield code="b">txt</subfield><subfield code="2">rdacontent</subfield></datafield><datafield ind1=" " ind2=" " tag="337"><subfield code="b">n</subfield><subfield code="2">rdamedia</subfield></datafield><datafield ind1=" " ind2=" " tag="338"><subfield code="b">nc</subfield><subfield code="2">rdacarrier</subfield></datafield><datafield ind1="1" ind2=" " tag="490"><subfield code="a">Schriften zur öffentlichen Verwaltung und öffentlichen Wirtschaft</subfield><subfield code="v">Bd. 100</subfield></datafield><datafield ind1=" " ind2=" " tag="500"><subfield code="a">Text nur Deutsch, Kurzfassung Deutsch und Englisch</subfield></datafield><datafield ind1="1" ind2="7" tag="600"><subfield code="a">Mülhaupt, Ludwig</subfield><subfield code="d">1912-1997</subfield><subfield code="0">(DE-588)118584774</subfield><subfield code="2">gnd</subfield></datafield><datafield ind1="1" ind2="0" tag="600"><subfield code="a">Mülhaupt, Ludwig</subfield></datafield><datafield ind1=" " ind2="7" tag="650"><subfield code="a">Administration publique</subfield><subfield code="0">(IDREF)02721835X</subfield><subfield code="2">idref</subfield></datafield><datafield ind1=" " ind2="7" tag="650"><subfield code="a">Finances publiques</subfield><subfield code="0">(IDREF)02746783X</subfield><subfield code="2">idref</subfield></datafield><datafield ind1=" " ind2="7" tag="650"><subfield code="a">Droit comparé</subfield><subfield code="0">(IDREF)027741451</subfield><subfield code="2">idref</subfield></datafield><datafield ind1=" " ind2="7" tag="650"><subfield code="a">Öffentliches Rechnungswesen</subfield><subfield code="0">(DE-588)4139179-2</subfield><subfield code="2">gnd</subfield></datafield><datafield ind1=" " ind2="7" tag="650"><subfield code="a">Rechnungswesen</subfield><subfield code="0">(DE-588)4048732-5</subfield><subfield code="2">gnd</subfield></datafield><datafield ind1=" " ind2="7" tag="650"><subfield code="a">Verwaltung</subfield><subfield code="0">(DE-588)4063317-2</subfield><subfield code="2">gnd</subfield></datafield><datafield ind1=" " ind2="0" tag="650"><subfield code="a">Controllership</subfield></datafield><datafield ind1=" " ind2="0" tag="650"><subfield code="a">Finance, Public</subfield><subfield code="x">Accounting</subfield></datafield><datafield ind1=" " ind2="7" tag="650"><subfield code="a">BETRIEBSWIRTSCHAFT</subfield><subfield code="9">ger</subfield><subfield code="0">(ETHUDK)000032499</subfield><subfield code="2">ethudk</subfield></datafield><datafield ind1=" " ind2="7" tag="650"><subfield code="a">RECHNUNGSWESEN</subfield><subfield code="9">ger</subfield><subfield code="0">(ETHUDK)000032453</subfield><subfield code="2">ethudk</subfield></datafield><datafield ind1=" " ind2="7" tag="650"><subfield code="a">ÖFFENTLICHE VERWALTUNG</subfield><subfield code="9">ger</subfield><subfield code="0">(ETHUDK)000011619</subfield><subfield code="2">ethudk</subfield></datafield><datafield ind1=" " ind2="7" tag="650"><subfield code="a">Öffentliche Finanzen</subfield><subfield code="x">Rechnungswesen</subfield><subfield code="2">idsbb</subfield></datafield><datafield ind1=" " ind2="7" tag="650"><subfield code="a">Öffentliche Finanzen</subfield><subfield code="z">Deutschland (BRD)</subfield><subfield code="2">idsbb</subfield></datafield><datafield ind1=" " ind2="7" tag="650"><subfield code="a">Rechnungswesen</subfield><subfield code="x">Öffentliche Finanzen</subfield><subfield code="2">idsbb</subfield></datafield><datafield ind1=" " ind2="7" tag="651"><subfield code="a">Deutschland</subfield><subfield code="g">Bundesrepublik</subfield><subfield code="0">(DE-588)4011889-7</subfield><subfield code="2">gnd</subfield></datafield><datafield ind1=" " ind2="7" tag="651"><subfield code="a">Österreich</subfield><subfield code="0">(DE-588)4043271-3</subfield><subfield code="2">gnd</subfield></datafield><datafield ind1=" " ind2="7" tag="655"><subfield code="a">Bibliografie</subfield><subfield code="2">gnd-content</subfield></datafield><datafield ind1=" " ind2="7" tag="655"><subfield code="a">Festschrift</subfield><subfield code="2">gnd-content</subfield></datafield><datafield ind1=" " ind2=" " tag="690"><subfield code="a">Mülhaupt, Ludwig</subfield><subfield code="2">uzb-Z9</subfield></datafield><datafield ind1=" " ind2=" " tag="690"><subfield code="a">Festschrift</subfield><subfield code="2">uzb-UC</subfield></datafield><datafield ind1="1" ind2=" " tag="700"><subfield code="a">Mülhaupt, Ludwig</subfield><subfield code="0">(IDREF)087520893</subfield></datafield><datafield ind1="1" ind2=" " tag="700"><subfield code="a">Eichhorn, Peter</subfield><subfield code="d">1939-</subfield><subfield code="0">(DE-588)120283905</subfield><subfield code="6">880-03</subfield></datafield><datafield ind1="1" ind2=" " tag="880"><subfield code="a">Eichhorn, Peter</subfield><subfield code="0">(RERO)A003211829</subfield><subfield code="6">700-03</subfield></datafield><datafield ind1=" " ind2=" " tag="830"><subfield code="a">Schriften zur öffentlichen Verwaltung und öffentlichen Wirtschaft</subfield><subfield code="v">100</subfield><subfield code="w">(RERO)0196565-41slsp</subfield></datafield><datafield ind1=" " ind2=" " tag="830"><subfield code="a">Schriften zur öffentlichen Verwaltung und öffentlichen Wirtschaft</subfield><subfield code="v">100</subfield><subfield code="w">(NEBIS)000054501EBI01</subfield></datafield><datafield ind1=" " ind2=" " tag="830"><subfield code="a">Schriften zur öffentlichen Verwaltung und öffentlichen Wirtschaft</subfield><subfield code="v">100</subfield><subfield code="w">(IDSBB)000011061DSV01</subfield></datafield><datafield ind1=" " ind2=" " tag="900"><subfield code="a">REROnoselfmerge</subfield></datafield></record>
</metadata></record>