<record><header><identifier>oai:alma.41SLSP_UGE:991000045449705502</identifier><datestamp>2023-03-01T01:09:18Z</datestamp><setSpec>uge_bcen_RapidILL_BOOK</setSpec><setSpec>uge_aaca_RapidILL_BOOK</setSpec><setSpec>uge_abels_RapidILL_BOOK</setSpec><setSpec>uge_dbu_RapidILL_BOOK</setSpec><setSpec>uge_cmu_RapidILL_BOOK</setSpec><setSpec>uge_mail_RapidILL_BOOK</setSpec><setSpec>UNIGE_ALL</setSpec><setSpec>uge_abbat_RapidILL_BOOK</setSpec><setSpec>uge_aobs_RapidILL_BOOK</setSpec><setSpec>uge_acar_RapidILL_BOOK</setSpec></header><metadata>
<record xmlns="http://www.loc.gov/MARC21/slim" xmlns:xsi="http://www.w3.org/2001/XMLSchema-instance" xsi:schemaLocation="http://www.loc.gov/MARC21/slim http://www.loc.gov/standards/marcxml/schema/MARC21slim.xsd"><leader>01790nam a2200385 c 4500</leader><controlfield tag="001">991000045449705502</controlfield><controlfield tag="005">20201230233027.0</controlfield><controlfield tag="008">201011s2001    xxu||||| |||| 10| ||eng d</controlfield><datafield ind1=" " ind2=" " tag="020"><subfield code="a">0821828029</subfield></datafield><datafield ind1=" " ind2=" " tag="035"><subfield code="a">(swissbib)223671827-41slsp_network</subfield></datafield><datafield ind1=" " ind2=" " tag="035"><subfield code="a">223671827</subfield><subfield code="9">ExL</subfield></datafield><datafield ind1=" " ind2=" " tag="035"><subfield code="a">(RERO)R003077596-41slsp</subfield></datafield><datafield ind1=" " ind2=" " tag="035"><subfield code="a">(NEBIS)004162293EBI01</subfield></datafield><datafield ind1=" " ind2=" " tag="035"><subfield code="a">(EXLNZ-41SLSP_NETWORK)991147103599705501</subfield></datafield><datafield ind1=" " ind2=" " tag="040"><subfield code="a">RERO geussm</subfield><subfield code="d">CH-ZuSLS</subfield></datafield><datafield ind1=" " ind2="7" tag="072"><subfield code="a">ma</subfield><subfield code="2">rero</subfield></datafield><datafield ind1=" " ind2=" " tag="084"><subfield code="a">35</subfield><subfield code="2">msc</subfield></datafield><datafield ind1="0" ind2="0" tag="245"><subfield code="a">Nonlinear dynamics and renormalization group</subfield><subfield code="c">I.M. Sigal, C. Sulem, ed.</subfield></datafield><datafield ind1=" " ind2="1" tag="264"><subfield code="a">Providence R.I.</subfield><subfield code="b">American Mathematical Society</subfield><subfield code="c">[2001]</subfield></datafield><datafield ind1=" " ind2="4" tag="264"><subfield code="c">© 2001</subfield></datafield><datafield ind1=" " ind2=" " tag="300"><subfield code="a">VII, 192 p.</subfield><subfield code="c">26 cm</subfield></datafield><datafield ind1=" " ind2=" " tag="336"><subfield code="b">txt</subfield><subfield code="2">rdacontent</subfield></datafield><datafield ind1=" " ind2=" " tag="337"><subfield code="b">n</subfield><subfield code="2">rdamedia</subfield></datafield><datafield ind1=" " ind2=" " tag="338"><subfield code="b">nc</subfield><subfield code="2">rdacarrier</subfield></datafield><datafield ind1="1" ind2=" " tag="490"><subfield code="a">CRM proceedings and lecture notes</subfield><subfield code="v">vol. 27</subfield></datafield><datafield ind1=" " ind2=" " tag="500"><subfield code="a">La préf. porte: This volume contains the lectures delivered at the workshop &quot;Nonlinear Dynamics and Renormalization Group&quot; that was held at the Centre de recherches mathématiques in Montréal in August 1999</subfield></datafield><datafield ind1=" " ind2=" " tag="500"><subfield code="a">Congrès de mathématiques. Montréal. 1999</subfield></datafield><datafield ind1=" " ind2="7" tag="650"><subfield code="a">NICHTLINEARE PARTIELLE DIFFERENTIALGLEICHUNGEN (ANALYSIS)</subfield><subfield code="9">ger</subfield><subfield code="0">(ETHUDK)000013380</subfield><subfield code="2">ethudk</subfield></datafield><datafield ind1=" " ind2="7" tag="650"><subfield code="a">RENORMALISIERUNGSGRUPPE (ALGEBRA)</subfield><subfield code="9">ger</subfield><subfield code="0">(ETHUDK)000041240</subfield><subfield code="2">ethudk</subfield></datafield><datafield ind1=" " ind2="7" tag="650"><subfield code="a">SCHRÖDINGERGLEICHUNG (QUANTENTHEORIE)</subfield><subfield code="9">ger</subfield><subfield code="0">(ETHUDK)000014295</subfield><subfield code="2">ethudk</subfield></datafield><datafield ind1="1" ind2=" " tag="700"><subfield code="a">Sigal, Israel Michael</subfield><subfield code="d">1945-</subfield><subfield code="0">(DE-588)110612043</subfield><subfield code="6">880-02</subfield></datafield><datafield ind1="1" ind2=" " tag="880"><subfield code="6">700-02</subfield><subfield code="a">Sigal, Israel Michael</subfield><subfield code="d">1945-....</subfield><subfield code="0">(IDREF)034401040</subfield></datafield><datafield ind1="2" ind2=" " tag="711"><subfield code="a">Workshop &quot;Nonlinear Dynamics and Renormalization Group&quot;</subfield><subfield code="d">1999</subfield><subfield code="c">Montréal</subfield><subfield code="0">(RERO)A012512689</subfield></datafield><datafield ind1=" " ind2=" " tag="830"><subfield code="a">CRM proceedings &amp; lecture notes</subfield><subfield code="v">27</subfield><subfield code="w">(NEBIS)000924598EBI01</subfield></datafield><datafield ind1=" " ind2=" " tag="830"><subfield code="a">CRM proceedings &amp; [and] lecture notes</subfield><subfield code="v">27</subfield><subfield code="w">(RERO)1729780-41slsp</subfield></datafield><datafield ind1=" " ind2=" " tag="900"><subfield code="a">REROnoselfmerge</subfield></datafield></record>
</metadata></record>