<record><header><identifier>oai:alma.41SLSP_UGE:991000045969705502</identifier><datestamp>2023-03-01T01:09:18Z</datestamp><setSpec>uge_bcen_RapidILL_BOOK</setSpec><setSpec>uge_aaca_RapidILL_BOOK</setSpec><setSpec>uge_abels_RapidILL_BOOK</setSpec><setSpec>uge_dbu_RapidILL_BOOK</setSpec><setSpec>uge_cmu_RapidILL_BOOK</setSpec><setSpec>uge_mail_RapidILL_BOOK</setSpec><setSpec>UNIGE_ALL</setSpec><setSpec>uge_abbat_RapidILL_BOOK</setSpec><setSpec>uge_aobs_RapidILL_BOOK</setSpec><setSpec>uge_acar_RapidILL_BOOK</setSpec></header><metadata>
<record xmlns="http://www.loc.gov/MARC21/slim" xmlns:xsi="http://www.w3.org/2001/XMLSchema-instance" xsi:schemaLocation="http://www.loc.gov/MARC21/slim http://www.loc.gov/standards/marcxml/schema/MARC21slim.xsd"><leader>01306nam a2200337 c 4500</leader><controlfield tag="001">991000045969705502</controlfield><controlfield tag="005">20201222214118.0</controlfield><controlfield tag="008">120711s2000    mx ||||| |||| 00| ||spa d</controlfield><datafield ind1=" " ind2=" " tag="020"><subfield code="a">970919271X</subfield></datafield><datafield ind1=" " ind2=" " tag="035"><subfield code="a">(swissbib)116172541-41slsp_network</subfield></datafield><datafield ind1=" " ind2=" " tag="035"><subfield code="a">116172541</subfield><subfield code="9">ExL</subfield></datafield><datafield ind1=" " ind2=" " tag="035"><subfield code="a">(RERO)R007103253-41slsp</subfield></datafield><datafield ind1=" " ind2=" " tag="035"><subfield code="a">(EXLNZ-41SLSP_NETWORK)991050091249705501</subfield></datafield><datafield ind1=" " ind2=" " tag="040"><subfield code="a">DLC</subfield><subfield code="d">CH-ZuSLS</subfield></datafield><datafield ind1=" " ind2="0" tag="050"><subfield code="a">F1230</subfield><subfield code="b">.C9398 2000</subfield></datafield><datafield ind1=" " ind2="7" tag="072"><subfield code="a">es</subfield><subfield code="2">rero</subfield></datafield><datafield ind1="0" ind2="0" tag="082"><subfield code="a">972/.02/092</subfield><subfield code="a">B</subfield><subfield code="2">22</subfield></datafield><datafield ind1="1" ind2=" " tag="100"><subfield code="a">Cortínez, Verónica</subfield><subfield code="0">(IDREF)077155661</subfield><subfield code="4">cre</subfield></datafield><datafield ind1="1" ind2="0" tag="245"><subfield code="a">Memoria original de Bernal Díaz del Castillo</subfield><subfield code="c">Verónica Cortínez</subfield></datafield><datafield ind1=" " ind2=" " tag="250"><subfield code="a">1a. ed</subfield></datafield><datafield ind1=" " ind2="1" tag="264"><subfield code="a">Huixquilucan, México</subfield><subfield code="b">Oak Editorial</subfield><subfield code="c">2000</subfield></datafield><datafield ind1=" " ind2=" " tag="300"><subfield code="a">332 p.</subfield><subfield code="c">21 cm</subfield></datafield><datafield ind1=" " ind2=" " tag="336"><subfield code="b">txt</subfield><subfield code="2">rdacontent</subfield></datafield><datafield ind1=" " ind2=" " tag="337"><subfield code="b">n</subfield><subfield code="2">rdamedia</subfield></datafield><datafield ind1=" " ind2=" " tag="338"><subfield code="b">nc</subfield><subfield code="2">rdacarrier</subfield></datafield><datafield ind1="1" ind2=" " tag="490"><subfield code="a">Estudios de cultura iberoamericana colonial</subfield><subfield code="v">3</subfield></datafield><datafield ind1=" " ind2=" " tag="504"><subfield code="a">Includes bibliographical references (p. 303-321) and index.</subfield></datafield><datafield ind1="1" ind2="0" tag="600"><subfield code="a">Díaz del Castillo, Bernal</subfield><subfield code="d">1496-1584.</subfield><subfield code="t">Historia verdadera de la conquista de la Nueva España</subfield></datafield><datafield ind1="1" ind2="7" tag="600"><subfield code="a">Díaz del Castillo, Bernal</subfield><subfield code="d">1492?-1581?</subfield><subfield code="t">Historia verdadera de la conquista de la Nueva España</subfield><subfield code="0">(IDREF)067155790</subfield><subfield code="2">idref</subfield></datafield><datafield ind1=" " ind2=" " tag="830"><subfield code="a">Estudios de cultura iberoamericana colonial</subfield><subfield code="v">3</subfield><subfield code="w">(RERO)R007103254-41slsp</subfield></datafield><datafield ind1=" " ind2=" " tag="900"><subfield code="a">REROnoselfmerge</subfield></datafield><datafield ind1=" " ind2=" " tag="910"><subfield code="a">LOC</subfield><subfield code="b">20120711</subfield><subfield code="c">Droits réservés</subfield></datafield><datafield ind1=" " ind2=" " tag="993"><subfield code="a">BFLA 235732</subfield><subfield code="x">ge/ulhi/a/11/44</subfield><subfield code="9">LOCAL</subfield></datafield></record>
</metadata></record>