<record><header><identifier>oai:alma.41SLSP_UGE:991000030789705502</identifier><datestamp>2024-02-02T01:21:45Z</datestamp><setSpec>uge_bcen_RapidILL_BOOK</setSpec><setSpec>uge_aaca_RapidILL_BOOK</setSpec><setSpec>uge_abels_RapidILL_BOOK</setSpec><setSpec>uge_dbu_RapidILL_BOOK</setSpec><setSpec>uge_cmu_RapidILL_BOOK</setSpec><setSpec>uge_mail_RapidILL_BOOK</setSpec><setSpec>uge_abbat_RapidILL_BOOK</setSpec><setSpec>UNIGE_ALL</setSpec><setSpec>uge_aobs_RapidILL_BOOK</setSpec><setSpec>uge_acar_RapidILL_BOOK</setSpec></header><metadata>
<record xmlns="http://www.loc.gov/MARC21/slim" xmlns:xsi="http://www.w3.org/2001/XMLSchema-instance" xsi:schemaLocation="http://www.loc.gov/MARC21/slim http://www.loc.gov/standards/marcxml/schema/MARC21slim.xsd"><leader>01270nam a2200253 c 4500</leader><controlfield tag="001">991000030789705502</controlfield><controlfield tag="005">20240201085021.0</controlfield><controlfield tag="008">170721s2015    gr ||||| |||| 00| ||gre d</controlfield><datafield ind1=" " ind2=" " tag="020"><subfield code="a">9786180303476</subfield></datafield><datafield ind1=" " ind2=" " tag="035"><subfield code="a">(swissbib)124027695-41slsp_network</subfield></datafield><datafield ind1=" " ind2=" " tag="035"><subfield code="a">(RERO)R008682730-41slsp</subfield></datafield><datafield ind1=" " ind2=" " tag="035"><subfield code="a">(EXLNZ-41SLSP_NETWORK)991139357539705501</subfield></datafield><datafield ind1=" " ind2=" " tag="040"><subfield code="a">CH-ZuSLS UNIGE</subfield><subfield code="b">fre</subfield><subfield code="e">rda</subfield></datafield><datafield ind1=" " ind2="7" tag="072"><subfield code="a">gr</subfield><subfield code="2">rero</subfield></datafield><datafield ind1="7" ind2="4" tag="082"><subfield code="a">880</subfield><subfield code="2">23sdnb</subfield></datafield><datafield ind1="1" ind2=" " tag="100"><subfield code="6">880-01</subfield><subfield code="a">Míggas, Dīmī́trīs</subfield><subfield code="d">1951-....</subfield><subfield code="0">(IDREF)078092760</subfield><subfield code="4">aut</subfield></datafield><datafield ind1="1" ind2=" " tag="880"><subfield code="6">100-01/(S</subfield><subfield code="a">Μίγγας, Δημήτρης</subfield><subfield code="d">1951-....</subfield><subfield code="4">aut</subfield></datafield><datafield ind1="1" ind2="0" tag="245"><subfield code="a">Έρως ανίατος</subfield><subfield code="c">Δημήτρης Μίγγας</subfield></datafield><datafield ind1=" " ind2="1" tag="264"><subfield code="a">Αθήνα</subfield><subfield code="b">Μεταίχμιο</subfield><subfield code="c">[2015]</subfield></datafield><datafield ind1=" " ind2=" " tag="300"><subfield code="a">321 pages</subfield></datafield><datafield ind1=" " ind2=" " tag="336"><subfield code="b">txt</subfield><subfield code="2">rdacontent</subfield></datafield><datafield ind1=" " ind2=" " tag="337"><subfield code="b">n</subfield><subfield code="2">rdamedia</subfield></datafield><datafield ind1=" " ind2=" " tag="338"><subfield code="b">nc</subfield><subfield code="2">rdacarrier</subfield></datafield><datafield ind1="0" ind2=" " tag="490"><subfield code="a">Ελληνική Πεζογραφία</subfield></datafield><datafield ind1=" " ind2=" " tag="900"><subfield code="a">REROnoselfmerge</subfield></datafield></record>
</metadata></record>