<record><header><identifier>oai:alma.41SLSP_UGE:991000029949705502</identifier><datestamp>2024-01-14T09:02:25Z</datestamp><setSpec>uge_bcen_RapidILL_BOOK</setSpec><setSpec>uge_aaca_RapidILL_BOOK</setSpec><setSpec>uge_abels_RapidILL_BOOK</setSpec><setSpec>uge_dbu_RapidILL_BOOK</setSpec><setSpec>uge_cmu_RapidILL_BOOK</setSpec><setSpec>uge_mail_RapidILL_BOOK</setSpec><setSpec>uge_abbat_RapidILL_BOOK</setSpec><setSpec>UNIGE_ALL</setSpec><setSpec>uge_aobs_RapidILL_BOOK</setSpec><setSpec>uge_acar_RapidILL_BOOK</setSpec></header><metadata>
<record xmlns="http://www.loc.gov/MARC21/slim" xmlns:xsi="http://www.w3.org/2001/XMLSchema-instance" xsi:schemaLocation="http://www.loc.gov/MARC21/slim http://www.loc.gov/standards/marcxml/schema/MARC21slim.xsd"><leader>02444nam a2200673 c 4500</leader><controlfield tag="001">991000029949705502</controlfield><controlfield tag="005">20230411141841.0</controlfield><controlfield tag="008">201011s2005    gw            00| | ger|d</controlfield><datafield ind1=" " ind2=" " tag="015"><subfield code="a">GFR-DNB-05,N01,1437</subfield></datafield><datafield ind1="7" ind2=" " tag="016"><subfield code="a">973056525</subfield><subfield code="2">GyFmDB</subfield></datafield><datafield ind1=" " ind2=" " tag="020"><subfield code="a">3892448574</subfield><subfield code="c">Gb. : EUR 42.00, EUR 43.20 (AT), sfr 72.00</subfield></datafield><datafield ind1="7" ind2=" " tag="024"><subfield code="a">http://catalogue.bnf.fr/ark:/12148/cb400298902</subfield><subfield code="2">uri</subfield></datafield><datafield ind1=" " ind2=" " tag="035"><subfield code="a">(swissbib)21868696X-41slsp_network</subfield></datafield><datafield ind1=" " ind2=" " tag="035"><subfield code="a">21868696X</subfield><subfield code="9">ExL</subfield></datafield><datafield ind1=" " ind2=" " tag="035"><subfield code="a">(IDSBB)003566547DSV01</subfield></datafield><datafield ind1=" " ind2=" " tag="035"><subfield code="a">(RERO)R003841763-41slsp</subfield></datafield><datafield ind1=" " ind2=" " tag="035"><subfield code="a">(NEBIS)005088992EBI01</subfield></datafield><datafield ind1=" " ind2=" " tag="035"><subfield code="a">(DDB)973056525</subfield></datafield><datafield ind1=" " ind2=" " tag="035"><subfield code="a">(EXLNZ-41SLSP_NETWORK)991072325579705501</subfield></datafield><datafield ind1=" " ind2=" " tag="040"><subfield code="a">DDB</subfield><subfield code="e">kids</subfield><subfield code="d">CH-ZuSLS</subfield></datafield><datafield ind1=" " ind2="7" tag="072"><subfield code="a">nd</subfield><subfield code="2">SzZuIDS BS/BE</subfield></datafield><datafield ind1=" " ind2="7" tag="072"><subfield code="a">al</subfield><subfield code="2">rero</subfield></datafield><datafield ind1="0" ind2="4" tag="082"><subfield code="a">830</subfield></datafield><datafield ind1="1" ind2="4" tag="082"><subfield code="a">830</subfield><subfield code="2">15</subfield></datafield><datafield ind1=" " ind2=" " tag="084"><subfield code="a">GM 7176</subfield><subfield code="2">rvk</subfield></datafield><datafield ind1="1" ind2=" " tag="100"><subfield code="a">Voit, Friedrich</subfield><subfield code="d">1947-</subfield><subfield code="6">880-01</subfield><subfield code="0">(DE-588)13045379X</subfield></datafield><datafield ind1="1" ind2=" " tag="880"><subfield code="6">100-01</subfield><subfield code="a">Voit, Friedrich</subfield><subfield code="c">germaniste</subfield><subfield code="0">(IDREF)033590346</subfield><subfield code="4">cre</subfield></datafield><datafield ind1="1" ind2="0" tag="245"><subfield code="a">Karl Wolfskehl</subfield><subfield code="b">Leben und Werk im Exil</subfield><subfield code="c">Friedrich Voit</subfield></datafield><datafield ind1=" " ind2="1" tag="264"><subfield code="a">Göttingen</subfield><subfield code="b">Wallstein</subfield><subfield code="c">2005</subfield></datafield><datafield ind1=" " ind2=" " tag="300"><subfield code="a">816 p.</subfield><subfield code="b">Ill.</subfield><subfield code="c">20 cm</subfield></datafield><datafield ind1=" " ind2=" " tag="336"><subfield code="b">txt</subfield><subfield code="2">rdacontent</subfield></datafield><datafield ind1=" " ind2=" " tag="337"><subfield code="b">n</subfield><subfield code="2">rdamedia</subfield></datafield><datafield ind1=" " ind2=" " tag="338"><subfield code="b">nc</subfield><subfield code="2">rdacarrier</subfield></datafield><datafield ind1=" " ind2=" " tag="504"><subfield code="a">Bibliogr. und Literaturverz.</subfield></datafield><datafield ind1="1" ind2="7" tag="600"><subfield code="a">Wolfskehl, Karl</subfield><subfield code="d">1869-1948</subfield><subfield code="0">(IDREF)029582474</subfield><subfield code="2">idref</subfield></datafield><datafield ind1="1" ind2="7" tag="600"><subfield code="a">Wolfskehl, Karl</subfield><subfield code="d">1869-1948</subfield><subfield code="0">(DE-588)118634976</subfield><subfield code="2">gnd</subfield></datafield><datafield ind1="1" ind2="7" tag="600"><subfield code="a">Wolfskehl, Karl</subfield><subfield code="x">Exil</subfield><subfield code="2">swd</subfield></datafield><datafield ind1="1" ind2="7" tag="600"><subfield code="a">Wolfskehl, Karl</subfield><subfield code="x">Exilliteratur</subfield><subfield code="2">swd</subfield></datafield><datafield ind1="1" ind2="7" tag="600"><subfield code="a">Wolfskehl, Karl</subfield><subfield code="2">idszbz</subfield></datafield><datafield ind1="1" ind2="0" tag="600"><subfield code="a">Wolfskehl, Karl</subfield><subfield code="d">1869-1948</subfield></datafield><datafield ind1=" " ind2="7" tag="648"><subfield code="a">Geschichte 1933-1948</subfield><subfield code="2">gnd</subfield></datafield><datafield ind1=" " ind2="7" tag="650"><subfield code="a">1933-1948</subfield><subfield code="2">rero</subfield></datafield><datafield ind1=" " ind2="7" tag="650"><subfield code="a">Exil</subfield><subfield code="0">(DE-588)4015959-0</subfield><subfield code="2">gnd</subfield></datafield><datafield ind1=" " ind2="7" tag="650"><subfield code="a">Exilliteratur</subfield><subfield code="0">(DE-588)4015961-9</subfield><subfield code="2">gnd</subfield></datafield><datafield ind1=" " ind2="7" tag="650"><subfield code="a">Exil</subfield><subfield code="2">idszbz</subfield></datafield><datafield ind1=" " ind2="7" tag="650"><subfield code="a">Exilliteratur</subfield><subfield code="2">idszbz</subfield></datafield><datafield ind1=" " ind2="0" tag="650"><subfield code="a">Authors, Exiled</subfield><subfield code="y">20th century</subfield><subfield code="v">Biography</subfield></datafield><datafield ind1=" " ind2="0" tag="650"><subfield code="a">Authors, Exiled</subfield><subfield code="z">Germany</subfield><subfield code="v">Biography</subfield></datafield><datafield ind1=" " ind2="0" tag="650"><subfield code="a">Authors, German</subfield><subfield code="y">20th century</subfield><subfield code="v">Biography</subfield></datafield><datafield ind1=" " ind2="0" tag="650"><subfield code="a">Exiles' writings, German</subfield><subfield code="x">History and criticism</subfield></datafield><datafield ind1=" " ind2="7" tag="650"><subfield code="a">Biographie</subfield><subfield code="2">icz</subfield></datafield><datafield ind1=" " ind2="7" tag="650"><subfield code="a">Deutsch, Literatur</subfield><subfield code="2">icz</subfield></datafield><datafield ind1=" " ind2="7" tag="650"><subfield code="a">Schriftsteller</subfield><subfield code="2">icz</subfield></datafield><datafield ind1=" " ind2="7" tag="650"><subfield code="a">Wolfskehl, Karl</subfield><subfield code="2">icz</subfield></datafield><datafield ind1=" " ind2="7" tag="655"><subfield code="a">Biografie</subfield><subfield code="y">1933-1948</subfield><subfield code="2">gnd-content</subfield></datafield><datafield ind1="4" ind2=" " tag="856"><subfield code="3">Inhaltsverzeichnis</subfield><subfield code="u">http://www.ub.unibas.ch/tox/HBZ/HT014557995/PDF</subfield><subfield code="q">pdf</subfield></datafield><datafield ind1=" " ind2=" " tag="900"><subfield code="a">REROnoselfmerge</subfield></datafield><datafield ind1=" " ind2=" " tag="900"><subfield code="a">IDSZ2zbzmon200602f</subfield><subfield code="c">IDSZ2gerb</subfield><subfield code="d">IDSZ2zbzswk200602b</subfield><subfield code="e">IDSZ2groc</subfield></datafield><datafield ind1=" " ind2=" " tag="900"><subfield code="a">IDSERICZIMPORT</subfield></datafield><datafield ind1=" " ind2=" " tag="949"><subfield code="a">http://www.ub.unibas.ch/tox/HBZ/HT014557995/PDF</subfield></datafield></record>
</metadata></record>