<record><header><identifier>oai:alma.41SLSP_UGE:991000030779705502</identifier><datestamp>2024-03-01T01:18:57Z</datestamp><setSpec>uge_bcen_RapidILL_BOOK</setSpec><setSpec>uge_aaca_RapidILL_BOOK</setSpec><setSpec>uge_abels_RapidILL_BOOK</setSpec><setSpec>uge_dbu_RapidILL_BOOK</setSpec><setSpec>uge_cmu_RapidILL_BOOK</setSpec><setSpec>uge_mail_RapidILL_BOOK</setSpec><setSpec>uge_abbat_RapidILL_BOOK</setSpec><setSpec>UNIGE_ALL</setSpec><setSpec>uge_acar_RapidILL_BOOK</setSpec><setSpec>uge_aobs_RapidILL_BOOK</setSpec></header><metadata>
<record xmlns="http://www.loc.gov/MARC21/slim" xmlns:xsi="http://www.w3.org/2001/XMLSchema-instance" xsi:schemaLocation="http://www.loc.gov/MARC21/slim http://www.loc.gov/standards/marcxml/schema/MARC21slim.xsd"><leader>03331nam a2200793 c 4500</leader><controlfield tag="001">991000030779705502</controlfield><controlfield tag="005">20240229115110.0</controlfield><controlfield tag="007">tu</controlfield><controlfield tag="008">201011s2016    gw ||||| |||| 00| ||ger| </controlfield><datafield ind1=" " ind2=" " tag="015"><subfield code="a">14,N51</subfield><subfield code="2">dnb</subfield></datafield><datafield ind1="7" ind2=" " tag="016"><subfield code="a">1063117216</subfield><subfield code="2">DE-101</subfield></datafield><datafield ind1=" " ind2=" " tag="020"><subfield code="a">9783422072886</subfield></datafield><datafield ind1=" " ind2=" " tag="020"><subfield code="a">3422072888</subfield></datafield><datafield ind1="3" ind2=" " tag="024"><subfield code="a">9783422072886</subfield></datafield><datafield ind1=" " ind2=" " tag="035"><subfield code="a">(swissbib)228084903-41slsp_network</subfield></datafield><datafield ind1=" " ind2=" " tag="035"><subfield code="a">228084903</subfield><subfield code="9">ExL</subfield></datafield><datafield ind1=" " ind2=" " tag="035"><subfield code="a">(NEBIS)010812067EBI01</subfield></datafield><datafield ind1=" " ind2=" " tag="035"><subfield code="a">(RERO)R008130505-41slsp</subfield></datafield><datafield ind1=" " ind2=" " tag="035"><subfield code="a">(IDSBB)006356076DSV01</subfield></datafield><datafield ind1=" " ind2=" " tag="035"><subfield code="a">(DE-599)DNB1063117216</subfield></datafield><datafield ind1=" " ind2=" " tag="035"><subfield code="a">(OCoLC)898292527</subfield></datafield><datafield ind1=" " ind2=" " tag="035"><subfield code="a">(EXLNZ-41SLSP_NETWORK)991119489589705501</subfield></datafield><datafield ind1=" " ind2=" " tag="040"><subfield code="a">1145</subfield><subfield code="b">ger</subfield><subfield code="e">rda</subfield><subfield code="d">CH-ZuSLS</subfield></datafield><datafield ind1="1" ind2=" " tag="041"><subfield code="a">ger</subfield><subfield code="h">fre</subfield></datafield><datafield ind1=" " ind2=" " tag="044"><subfield code="c">XA-DE-BE</subfield></datafield><datafield ind1=" " ind2="7" tag="072"><subfield code="a">ba</subfield><subfield code="2">rero</subfield></datafield><datafield ind1=" " ind2="7" tag="072"><subfield code="a">kh</subfield><subfield code="2">SzZuIDS BS/BE</subfield></datafield><datafield ind1="0" ind2="4" tag="082"><subfield code="a">769.92</subfield><subfield code="2">22/ger</subfield></datafield><datafield ind1="1" ind2="4" tag="082"><subfield code="a">700</subfield><subfield code="2">15</subfield></datafield><datafield ind1=" " ind2=" " tag="084"><subfield code="a">760</subfield><subfield code="2">sdnb</subfield></datafield><datafield ind1=" " ind2=" " tag="084"><subfield code="a">LI 27509</subfield><subfield code="2">rvk</subfield></datafield><datafield ind1=" " ind2=" " tag="084"><subfield code="a">LI 27510</subfield><subfield code="2">rvk</subfield></datafield><datafield ind1=" " ind2=" " tag="084"><subfield code="a">700</subfield><subfield code="2">sdnb</subfield></datafield><datafield ind1="1" ind2=" " tag="100"><subfield code="a">Vaisse, Pierre</subfield><subfield code="d">1938-</subfield><subfield code="0">(DE-588)131623257</subfield><subfield code="4">aut</subfield><subfield code="6">880-01</subfield></datafield><datafield ind1="1" ind2=" " tag="880"><subfield code="6">100-01</subfield><subfield code="a">Vaisse, Pierre</subfield><subfield code="0">(IDREF)032660030</subfield><subfield code="4">cre</subfield></datafield><datafield ind1="1" ind2="0" tag="240"><subfield code="a">Reître ou chevalier?</subfield></datafield><datafield ind1="1" ind2="0" tag="245"><subfield code="a">Ritter oder Reuter?</subfield><subfield code="b">Dürer und die deutsche Ideologie</subfield><subfield code="c">Pierre Vaisse ; Übersetzung aus dem Französischen von Tom Heithoff</subfield></datafield><datafield ind1=" " ind2=" " tag="250"><subfield code="a">1. Aufl</subfield></datafield><datafield ind1=" " ind2="1" tag="264"><subfield code="a">Berlin</subfield><subfield code="b">Deutscher Kunstverlag</subfield><subfield code="c">[2016]</subfield></datafield><datafield ind1=" " ind2=" " tag="300"><subfield code="a">110 Seiten</subfield><subfield code="b">Illustrationen</subfield><subfield code="c">21 cm</subfield></datafield><datafield ind1=" " ind2=" " tag="336"><subfield code="b">txt</subfield><subfield code="2">rdacontent</subfield></datafield><datafield ind1=" " ind2=" " tag="337"><subfield code="b">n</subfield><subfield code="2">rdamedia</subfield></datafield><datafield ind1=" " ind2=" " tag="338"><subfield code="b">nc</subfield><subfield code="2">rdacarrier</subfield></datafield><datafield ind1="1" ind2=" " tag="490"><subfield code="a">Passerelles</subfield><subfield code="v">16</subfield></datafield><datafield ind1="1" ind2="0" tag="600"><subfield code="a">Dürer, Albrecht</subfield><subfield code="d">1471-1528</subfield><subfield code="x">Criticism and interpretation</subfield></datafield><datafield ind1="1" ind2="0" tag="600"><subfield code="a">Dürer, Albrecht</subfield><subfield code="d">1471-1528</subfield><subfield code="t">Knight, Death and the Devil</subfield></datafield><datafield ind1="1" ind2="7" tag="600"><subfield code="a">Dürer, Albrecht.</subfield><subfield code="t">Le chevalier, la mort et le diable - réception</subfield><subfield code="0">(RERO)A012853064</subfield><subfield code="2">rero</subfield></datafield><datafield ind1="1" ind2="7" tag="600"><subfield code="a">Dürer, Albrecht</subfield><subfield code="d">1471-1528</subfield><subfield code="t">Ritter, Tod und Teufel</subfield><subfield code="0">(DE-588)4455254-3</subfield><subfield code="2">gnd</subfield></datafield><datafield ind1=" " ind2="7" tag="648"><subfield code="a">Geschichte 1800-1945</subfield><subfield code="2">gnd</subfield></datafield><datafield ind1=" " ind2="7" tag="648"><subfield code="a">Geschichte</subfield><subfield code="2">gnd</subfield></datafield><datafield ind1=" " ind2="0" tag="650"><subfield code="a">Nationalism and art</subfield><subfield code="z">Germany</subfield></datafield><datafield ind1=" " ind2="7" tag="650"><subfield code="a">FÜNFZEHNTES JAHRHUNDERT N. CHR.</subfield><subfield code="9">ger</subfield><subfield code="0">(ETHUDK)000008902</subfield><subfield code="2">ethudk</subfield></datafield><datafield ind1=" " ind2="7" tag="650"><subfield code="a">GRAFIK</subfield><subfield code="9">ger</subfield><subfield code="0">(ETHUDK)000035861</subfield><subfield code="2">ethudk</subfield></datafield><datafield ind1=" " ind2="7" tag="650"><subfield code="a">IDEOLOGIE (SOZIOLOGIE)</subfield><subfield code="9">ger</subfield><subfield code="0">(ETHUDK)000009989</subfield><subfield code="2">ethudk</subfield></datafield><datafield ind1=" " ind2="7" tag="650"><subfield code="a">KUNSTGESCHICHTE</subfield><subfield code="9">ger</subfield><subfield code="0">(ETHUDK)000035233</subfield><subfield code="2">ethudk</subfield></datafield><datafield ind1=" " ind2="7" tag="650"><subfield code="a">REZEPTION (WIRKUNGSGESCHICHTE, ALLGEMEIN)</subfield><subfield code="9">ger</subfield><subfield code="0">(ETHUDK)000057407</subfield><subfield code="2">ethudk</subfield></datafield><datafield ind1=" " ind2="7" tag="650"><subfield code="a">SECHZEHNTES JAHRHUNDERT N. CHR.</subfield><subfield code="9">ger</subfield><subfield code="0">(ETHUDK)000008903</subfield><subfield code="2">ethudk</subfield></datafield><datafield ind1=" " ind2="7" tag="650"><subfield code="a">Ideologie</subfield><subfield code="0">(DE-588)4026486-5</subfield><subfield code="2">gnd</subfield></datafield><datafield ind1=" " ind2="7" tag="650"><subfield code="a">Rezeption</subfield><subfield code="0">(DE-588)4049716-1</subfield><subfield code="2">gnd</subfield></datafield><datafield ind1=" " ind2="7" tag="651"><subfield code="a">Deutschland</subfield><subfield code="0">(DE-588)4011882-4</subfield><subfield code="2">gnd</subfield></datafield><datafield ind1=" " ind2=" " tag="690"><subfield code="a">Dürer, Albrecht. Grafik</subfield><subfield code="2">uzb-US</subfield></datafield><datafield ind1=" " ind2=" " tag="690"><subfield code="a">Dürer, Albrecht. Rezeption</subfield><subfield code="2">uzb-US</subfield></datafield><datafield ind1="1" ind2=" " tag="700"><subfield code="a">Heithoff, Tom</subfield><subfield code="4">trl</subfield></datafield><datafield ind1="4" ind2=" " tag="856"><subfield code="3">Titelblatt und Inhaltsverzeichnis</subfield><subfield code="u">https://toc.library.ethz.ch/objects/pdf03/e76_978-3-422-07288-6_01.pdf</subfield><subfield code="q">pdf</subfield></datafield><datafield ind1="4" ind2="2" tag="856"><subfield code="3">Inhaltstext</subfield><subfield code="u">https://deposit.dnb.de/cgi-bin/dokserv?id=5044714&amp;prov=M&amp;dok_var=1&amp;dok_ext=htm</subfield></datafield><datafield ind1=" " ind2="0" tag="830"><subfield code="a">Passerelles</subfield><subfield code="v">16</subfield><subfield code="w">(IDSBB)002536644DSV01</subfield></datafield><datafield ind1=" " ind2="0" tag="830"><subfield code="a">Passerelles</subfield><subfield code="p">Deutscher Kunstverlag</subfield><subfield code="v">16</subfield><subfield code="w">(RERO)R003201068-41slsp</subfield></datafield><datafield ind1=" " ind2=" " tag="900"><subfield code="a">IDSZ2zbzmon201708l</subfield><subfield code="c">IDSZ2wuet</subfield><subfield code="d">IDSZ2zbzswk201708g</subfield><subfield code="e">IDSZ2schl</subfield></datafield><datafield ind1=" " ind2=" " tag="949"><subfield code="a">https://toc.library.ethz.ch/objects/pdf03/e76_978-3-422-07288-6_01.pdf</subfield></datafield><datafield ind1=" " ind2=" " tag="949"><subfield code="a">https://deposit.dnb.de/cgi-bin/dokserv?id=5044714&amp;prov=M&amp;dok_var=1&amp;dok_ext=htm</subfield></datafield><datafield ind1=" " ind2=" " tag="993"><subfield code="a">BFLA 273613</subfield><subfield code="x">ge/ulha/d/17/0116</subfield><subfield code="9">LOCAL</subfield></datafield></record>
</metadata></record>