<record><header><identifier>oai:alma.41SLSP_UGE:991000030279705502</identifier><datestamp>2023-03-31T00:22:22Z</datestamp><setSpec>uge_bcen_RapidILL_BOOK</setSpec><setSpec>uge_aaca_RapidILL_BOOK</setSpec><setSpec>uge_abels_RapidILL_BOOK</setSpec><setSpec>uge_dbu_RapidILL_BOOK</setSpec><setSpec>uge_cmu_RapidILL_BOOK</setSpec><setSpec>uge_mail_RapidILL_BOOK</setSpec><setSpec>uge_abbat_RapidILL_BOOK</setSpec><setSpec>UNIGE_ALL</setSpec><setSpec>uge_acar_RapidILL_BOOK</setSpec><setSpec>uge_aobs_RapidILL_BOOK</setSpec></header><metadata>
<record xmlns="http://www.loc.gov/MARC21/slim" xmlns:xsi="http://www.w3.org/2001/XMLSchema-instance" xsi:schemaLocation="http://www.loc.gov/MARC21/slim http://www.loc.gov/standards/marcxml/schema/MARC21slim.xsd"><leader>01867nam a2200421 c 4500</leader><controlfield tag="001">991000030279705502</controlfield><controlfield tag="005">20230330224847.0</controlfield><controlfield tag="008">160503t2016    sz ||||| |||| 00| ||fre d</controlfield><datafield ind1=" " ind2=" " tag="020"><subfield code="a">9782889410262</subfield></datafield><datafield ind1=" " ind2=" " tag="035"><subfield code="a">(swissbib)122865448-41slsp_network</subfield></datafield><datafield ind1=" " ind2=" " tag="035"><subfield code="a">122865448</subfield><subfield code="9">ExL</subfield></datafield><datafield ind1=" " ind2=" " tag="035"><subfield code="a">(RERO)R008420637-41slsp</subfield></datafield><datafield ind1=" " ind2=" " tag="035"><subfield code="a">(EXLNZ-41SLSP_NETWORK)991073161089705501</subfield></datafield><datafield ind1=" " ind2=" " tag="040"><subfield code="a">RERO geucds</subfield><subfield code="b">fre</subfield><subfield code="e">rda</subfield><subfield code="d">CH-ZuSLS</subfield></datafield><datafield ind1=" " ind2=" " tag="044"><subfield code="a">sz</subfield><subfield code="c">ch-ge</subfield></datafield><datafield ind1=" " ind2="7" tag="072"><subfield code="a">me</subfield><subfield code="2">rero</subfield></datafield><datafield ind1="7" ind2="4" tag="082"><subfield code="a">616</subfield><subfield code="2">23sdnb</subfield></datafield><datafield ind1="1" ind2=" " tag="100"><subfield code="a">Dietrich, Pierre-Yves</subfield><subfield code="d">1958-....</subfield><subfield code="0">(IDREF)196568013</subfield><subfield code="4">aut</subfield></datafield><datafield ind1="1" ind2="0" tag="245"><subfield code="a">&lt;&lt;Le&gt;&gt; cancer</subfield><subfield code="c">Pierre-Yves Dietrich, Elisabeth Gordon, Angela Pugliesi-Rinaldi</subfield></datafield><datafield ind1="1" ind2="1" tag="246"><subfield code="a">J'ai envie de comprendre... le cancer</subfield></datafield><datafield ind1=" " ind2="1" tag="264"><subfield code="a">Chêne-Bourg</subfield><subfield code="b">Planète santé</subfield><subfield code="c">[2016]</subfield></datafield><datafield ind1=" " ind2="4" tag="264"><subfield code="c">© 2016</subfield></datafield><datafield ind1=" " ind2=" " tag="300"><subfield code="a">101 pages</subfield><subfield code="c">18 cm</subfield></datafield><datafield ind1=" " ind2=" " tag="336"><subfield code="b">txt</subfield><subfield code="2">rdacontent</subfield></datafield><datafield ind1=" " ind2=" " tag="337"><subfield code="b">n</subfield><subfield code="2">rdamedia</subfield></datafield><datafield ind1=" " ind2=" " tag="338"><subfield code="b">nc</subfield><subfield code="2">rdacarrier</subfield></datafield><datafield ind1="0" ind2=" " tag="490"><subfield code="a">J'ai envie de comprendre...</subfield></datafield><datafield ind1="0" ind2=" " tag="505"><subfield code="a">1. Comment mon cancer s'est-il développé. - 2. Qu'est-ce qui a favorisé l'apparition de mon cancer ?. - 3. Mon alimentation peut-elle me protéger du cancer ou favoriser son développement ?. - 4. Que puis-je faire pour limiter mes risques d'avoir un cancer ?. - 5. Comment traite-t-on mon cancer ?. - 6. Est-ce que je peux bénéficier de nouveaux traitements ?</subfield></datafield><datafield ind1=" " ind2="7" tag="650"><subfield code="a">Cancer</subfield><subfield code="0">(IDREF)02722189X</subfield><subfield code="2">idref</subfield></datafield><datafield ind1=" " ind2="7" tag="650"><subfield code="a">Facteurs de risque</subfield><subfield code="0">(IDREF)027653072</subfield><subfield code="2">idref</subfield></datafield><datafield ind1=" " ind2="7" tag="650"><subfield code="a">Thérapeutique</subfield><subfield code="0">(IDREF)027589838</subfield><subfield code="2">idref</subfield></datafield><datafield ind1=" " ind2="7" tag="650"><subfield code="a">Prévention</subfield><subfield code="0">(IDREF)02724525X</subfield><subfield code="2">idref</subfield></datafield><datafield ind1=" " ind2="7" tag="650"><subfield code="a">Médecine</subfield><subfield code="0">(IDREF)027887693</subfield><subfield code="2">idref</subfield></datafield><datafield ind1=" " ind2="7" tag="650"><subfield code="a">Innovation</subfield><subfield code="0">(IDREF)027330435</subfield><subfield code="2">idref</subfield></datafield><datafield ind1=" " ind2="7" tag="655"><subfield code="a">Guides pratiques</subfield><subfield code="0">(IDREF)027790045</subfield><subfield code="2">idref</subfield></datafield><datafield ind1="1" ind2=" " tag="700"><subfield code="a">Gordon, Elisabeth</subfield><subfield code="0">(IDREF)109354168</subfield><subfield code="4">aut</subfield></datafield><datafield ind1="1" ind2=" " tag="700"><subfield code="a">Pugliesi-Rinaldi, Angela</subfield><subfield code="0">(IDREF)196567734</subfield><subfield code="4">aut</subfield></datafield><datafield ind1=" " ind2="0" tag="830"><subfield code="a">J'ai envie de comprendre..</subfield><subfield code="w">(RERO)R262104860-41slsp</subfield></datafield><datafield ind1=" " ind2=" " tag="900"><subfield code="a">REROnoselfmerge</subfield></datafield></record>
</metadata></record>