<record><header><identifier>oai:alma.41SLSP_UGE:991000029969705502</identifier><datestamp>2024-09-14T00:08:27Z</datestamp><setSpec>uge_bcen_RapidILL_BOOK</setSpec><setSpec>uge_aaca_RapidILL_BOOK</setSpec><setSpec>uge_abels_RapidILL_BOOK</setSpec><setSpec>uge_dbu_RapidILL_BOOK</setSpec><setSpec>uge_cmu_RapidILL_BOOK</setSpec><setSpec>uge_mail_RapidILL_BOOK</setSpec><setSpec>uge_abbat_RapidILL_BOOK</setSpec><setSpec>UNIGE_ALL</setSpec><setSpec>uge_acar_RapidILL_BOOK</setSpec><setSpec>uge_aobs_RapidILL_BOOK</setSpec></header><metadata>
<record xmlns="http://www.loc.gov/MARC21/slim" xmlns:xsi="http://www.w3.org/2001/XMLSchema-instance" xsi:schemaLocation="http://www.loc.gov/MARC21/slim http://www.loc.gov/standards/marcxml/schema/MARC21slim.xsd"><leader>01755nam a2200349 c 4500</leader><controlfield tag="001">991000029969705502</controlfield><controlfield tag="005">20230329194500.0</controlfield><controlfield tag="008">201011s2015    fr            00| | fre d</controlfield><datafield ind1=" " ind2=" " tag="020"><subfield code="a">9782240035646</subfield></datafield><datafield ind1="7" ind2=" " tag="024"><subfield code="a">http://catalogue.bnf.fr/ark:/12148/cb44290488k</subfield><subfield code="2">uri</subfield></datafield><datafield ind1=" " ind2=" " tag="035"><subfield code="a">(swissbib)222309415-41slsp_network</subfield></datafield><datafield ind1=" " ind2=" " tag="035"><subfield code="a">222309415</subfield><subfield code="9">ExL</subfield></datafield><datafield ind1=" " ind2=" " tag="035"><subfield code="a">(RERO)R008150184-41slsp</subfield></datafield><datafield ind1=" " ind2=" " tag="035"><subfield code="a">(NEBIS)011239509EBI01</subfield></datafield><datafield ind1=" " ind2=" " tag="035"><subfield code="a">(EXLNZ-41SLSP_NETWORK)991102509139705501</subfield></datafield><datafield ind1=" " ind2=" " tag="040"><subfield code="a">RERO vdhep-</subfield><subfield code="d">CH-ZuSLS</subfield></datafield><datafield ind1=" " ind2="7" tag="072"><subfield code="a">pe</subfield><subfield code="2">rero</subfield></datafield><datafield ind1="1" ind2=" " tag="100"><subfield code="a">Zakhartchouk, Jean-Michel</subfield><subfield code="c">rédacteur</subfield><subfield code="d">1951-....</subfield><subfield code="0">(IDREF)028932056</subfield><subfield code="4">cre</subfield></datafield><datafield ind1="1" ind2="0" tag="245"><subfield code="a">Apprendre à apprendre</subfield><subfield code="c">Jean-Michel Zakhartchouk</subfield></datafield><datafield ind1=" " ind2="1" tag="264"><subfield code="a">Futuroscope</subfield><subfield code="b">Canopé</subfield><subfield code="c">2015</subfield></datafield><datafield ind1=" " ind2=" " tag="300"><subfield code="a">135 p.</subfield></datafield><datafield ind1=" " ind2=" " tag="336"><subfield code="b">txt</subfield><subfield code="2">rdacontent</subfield></datafield><datafield ind1=" " ind2=" " tag="337"><subfield code="b">n</subfield><subfield code="2">rdamedia</subfield></datafield><datafield ind1=" " ind2=" " tag="338"><subfield code="b">nc</subfield><subfield code="2">rdacarrier</subfield></datafield><datafield ind1="0" ind2=" " tag="490"><subfield code="a">Eclairer</subfield></datafield><datafield ind1=" " ind2=" " tag="504"><subfield code="a">Bibliogr. : p. 135</subfield></datafield><datafield ind1="8" ind2=" " tag="520"><subfield code="a">L'apprendre à apprendre est nécessairement à relier à une approche par compétences et renvoie à la fois à : la capacité à mobiliser des ressources (savoir utiliser sa mémoire ou chercher une information); à une composante des ressources disponibles (méthode pour décoder les consignes, s'organiser, prendre des notes) ; au développement d'attitudes favorables aux apprentissages (rigueur, planification, concentration, créativité, adaptation). Pour accompagner les élèves depuis les apprentissages premiers jusqu'à la fin du lycée et dans toutes les disciplines</subfield><subfield code="5">RERO/frvhep/09.2015</subfield></datafield><datafield ind1=" " ind2="7" tag="650"><subfield code="a">Métacognition</subfield><subfield code="0">(IDREF)050410652</subfield><subfield code="2">idref</subfield></datafield><datafield ind1=" " ind2="7" tag="650"><subfield code="a">Apprentissage cognitif</subfield><subfield code="0">(IDREF)03256127X</subfield><subfield code="2">idref</subfield></datafield><datafield ind1=" " ind2="7" tag="650"><subfield code="a">Psychologie de l'apprentissage</subfield><subfield code="0">(IDREF)027300218</subfield><subfield code="2">idref</subfield></datafield><datafield ind1=" " ind2="7" tag="655"><subfield code="a">Guides pratiques</subfield><subfield code="0">(IDREF)027790045</subfield><subfield code="2">idref</subfield></datafield><datafield ind1=" " ind2=" " tag="900"><subfield code="a">REROnoselfmerge</subfield></datafield><datafield ind1=" " ind2=" " tag="900"><subfield code="a">IDSERSUPSIDFAIMPORT</subfield></datafield></record>
</metadata></record>