<record><header><identifier>oai:alma.41SLSP_UGE:991000030269705502</identifier><datestamp>2024-03-20T01:50:32Z</datestamp><setSpec>uge_bcen_RapidILL_BOOK</setSpec><setSpec>uge_aaca_RapidILL_BOOK</setSpec><setSpec>uge_abels_RapidILL_BOOK</setSpec><setSpec>uge_dbu_RapidILL_BOOK</setSpec><setSpec>uge_cmu_RapidILL_BOOK</setSpec><setSpec>uge_mail_RapidILL_BOOK</setSpec><setSpec>uge_abbat_RapidILL_BOOK</setSpec><setSpec>UNIGE_ALL</setSpec><setSpec>uge_acar_RapidILL_BOOK</setSpec><setSpec>uge_aobs_RapidILL_BOOK</setSpec></header><metadata>
<record xmlns="http://www.loc.gov/MARC21/slim" xmlns:xsi="http://www.w3.org/2001/XMLSchema-instance" xsi:schemaLocation="http://www.loc.gov/MARC21/slim http://www.loc.gov/standards/marcxml/schema/MARC21slim.xsd"><leader>01113nam a2200277 c 4500</leader><controlfield tag="001">991000030269705502</controlfield><controlfield tag="005">20240319223422.0</controlfield><controlfield tag="007">h| ||||||||||</controlfield><controlfield tag="008">191018s1607    fr      b     000 0 fre d</controlfield><datafield ind1=" " ind2=" " tag="035"><subfield code="a">(swissbib)126032106-41slsp_network</subfield></datafield><datafield ind1=" " ind2=" " tag="035"><subfield code="a">126032106</subfield><subfield code="9">ExL</subfield></datafield><datafield ind1=" " ind2=" " tag="035"><subfield code="a">(RERO)R008977126-41slsp</subfield></datafield><datafield ind1=" " ind2=" " tag="035"><subfield code="a">(EXLNZ-41SLSP_NETWORK)991070255899705501</subfield></datafield><datafield ind1=" " ind2=" " tag="040"><subfield code="a">RERO geuchr</subfield><subfield code="d">CH-ZuSLS</subfield></datafield><datafield ind1=" " ind2="7" tag="072"><subfield code="a">th</subfield><subfield code="2">rero</subfield></datafield><datafield ind1="1" ind2=" " tag="100"><subfield code="a">Viret, Pierre</subfield><subfield code="d">1511-1571</subfield><subfield code="0">(IDREF)028851617</subfield><subfield code="4">aut</subfield></datafield><datafield ind1="1" ind2="0" tag="245"><subfield code="a">Traité des vrais et faux pasteurs, et de leurs disciples, &amp; des marques pour cognoistre &amp; discerner tant les uns et les autres</subfield><subfield code="c">par Pierre Viret</subfield></datafield><datafield ind1=" " ind2="1" tag="264"><subfield code="a">A La Rochelle</subfield><subfield code="b">par les héritiers de H. Haultin</subfield><subfield code="c">1608</subfield></datafield><datafield ind1=" " ind2=" " tag="300"><subfield code="a">76 pages</subfield><subfield code="c">8°</subfield></datafield><datafield ind1=" " ind2=" " tag="336"><subfield code="b">txt</subfield><subfield code="2">rdacontent</subfield></datafield><datafield ind1=" " ind2=" " tag="337"><subfield code="b">h</subfield><subfield code="2">rdamedia</subfield></datafield><datafield ind1=" " ind2=" " tag="338"><subfield code="b">hj</subfield><subfield code="2">rdacarrier</subfield></datafield><datafield ind1=" " ind2=" " tag="500"><subfield code="a">Cote de l'exemplaire microfilmé: 8° 691 Rés.</subfield></datafield><datafield ind1=" " ind2=" " tag="533"><subfield code="a">Microfilm</subfield><subfield code="b">Paris</subfield><subfield code="c">Bibliothèque du protestantisme français</subfield><subfield code="d">[19--?]</subfield><subfield code="e">1 microfilm ; 35 mm</subfield></datafield><datafield ind1="1" ind2=" " tag="700"><subfield code="a">Haultin, Jérôme</subfield><subfield code="c">héritiers</subfield><subfield code="0">(RERO)A012383666</subfield><subfield code="4">prt</subfield></datafield><datafield ind1=" " ind2=" " tag="751"><subfield code="a">La Rochelle (Charente-Maritime)</subfield><subfield code="4">pup</subfield><subfield code="0">(IDREF)02731958X</subfield></datafield><datafield ind1=" " ind2=" " tag="900"><subfield code="a">REROswissbibnomerge</subfield></datafield><datafield ind1=" " ind2=" " tag="993"><subfield code="a">MHR Micro 188/34</subfield><subfield code="x">ge/mhr-/9489</subfield><subfield code="9">LOCAL</subfield></datafield></record>
</metadata></record>