<record><header><identifier>oai:alma.41SLSP_UGE:991000030479705502</identifier><datestamp>2024-03-09T01:35:06Z</datestamp><setSpec>uge_bcen_RapidILL_BOOK</setSpec><setSpec>uge_aaca_RapidILL_BOOK</setSpec><setSpec>uge_abels_RapidILL_BOOK</setSpec><setSpec>uge_dbu_RapidILL_BOOK</setSpec><setSpec>uge_cmu_RapidILL_BOOK</setSpec><setSpec>uge_mail_RapidILL_BOOK</setSpec><setSpec>uge_abbat_RapidILL_BOOK</setSpec><setSpec>UNIGE_ALL</setSpec><setSpec>uge_acar_RapidILL_BOOK</setSpec><setSpec>uge_aobs_RapidILL_BOOK</setSpec></header><metadata>
<record xmlns="http://www.loc.gov/MARC21/slim" xmlns:xsi="http://www.w3.org/2001/XMLSchema-instance" xsi:schemaLocation="http://www.loc.gov/MARC21/slim http://www.loc.gov/standards/marcxml/schema/MARC21slim.xsd"><leader>02265nam a2200613 c 4500</leader><controlfield tag="001">991000030479705502</controlfield><controlfield tag="005">20240308061637.0</controlfield><controlfield tag="007">tu</controlfield><controlfield tag="008">201011s2016    gw       |||| 000 0 ger| </controlfield><datafield ind1=" " ind2=" " tag="015"><subfield code="a">16,N01</subfield><subfield code="2">dnb</subfield></datafield><datafield ind1="7" ind2=" " tag="016"><subfield code="a">1080195432</subfield><subfield code="2">DE-101</subfield></datafield><datafield ind1=" " ind2=" " tag="019"><subfield code="a">Datenimport FG Kornhaus</subfield><subfield code="5">IDSBB/B425/2019</subfield></datafield><datafield ind1=" " ind2=" " tag="020"><subfield code="a">9783829607469</subfield><subfield code="c">CHF 34.30</subfield></datafield><datafield ind1=" " ind2=" " tag="020"><subfield code="a">3829607466</subfield></datafield><datafield ind1="3" ind2=" " tag="024"><subfield code="a">9783829607469</subfield></datafield><datafield ind1=" " ind2=" " tag="035"><subfield code="a">(swissbib)227588460-41slsp_network</subfield></datafield><datafield ind1=" " ind2=" " tag="035"><subfield code="a">227588460</subfield><subfield code="9">ExL</subfield></datafield><datafield ind1=" " ind2=" " tag="035"><subfield code="a">(NEBIS)010588949EBI01</subfield></datafield><datafield ind1=" " ind2=" " tag="035"><subfield code="a">(IDSLU)001231612ILU01</subfield></datafield><datafield ind1=" " ind2=" " tag="035"><subfield code="a">(IDSBB)006492737DSV01</subfield></datafield><datafield ind1=" " ind2=" " tag="035"><subfield code="a">(RERO)R008398738-41slsp</subfield></datafield><datafield ind1=" " ind2=" " tag="035"><subfield code="a">(OCoLC)934152143</subfield></datafield><datafield ind1=" " ind2=" " tag="035"><subfield code="a">(ABN)000796215ABN01</subfield></datafield><datafield ind1=" " ind2=" " tag="035"><subfield code="a">(EXLNZ-41SLSP_NETWORK)991156793889705501</subfield></datafield><datafield ind1=" " ind2=" " tag="040"><subfield code="a">GWDNB</subfield><subfield code="b">ger</subfield><subfield code="e">rda</subfield><subfield code="d">CH-ZuSLS</subfield></datafield><datafield ind1="1" ind2=" " tag="041"><subfield code="a">ger</subfield><subfield code="h">dut</subfield></datafield><datafield ind1=" " ind2=" " tag="044"><subfield code="a">XA-DE-BY</subfield></datafield><datafield ind1=" " ind2="7" tag="072"><subfield code="a">460</subfield><subfield code="2">IDS LU</subfield></datafield><datafield ind1=" " ind2="7" tag="072"><subfield code="a">nl</subfield><subfield code="2">SzZuIDS BS/BE</subfield></datafield><datafield ind1=" " ind2="7" tag="072"><subfield code="a">ba</subfield><subfield code="2">rero</subfield></datafield><datafield ind1="0" ind2="4" tag="082"><subfield code="a">759.9492</subfield><subfield code="2">22/ger</subfield></datafield><datafield ind1=" " ind2=" " tag="084"><subfield code="a">750</subfield><subfield code="2">sdnb</subfield></datafield><datafield ind1=" " ind2=" " tag="084"><subfield code="a">GU 67079</subfield><subfield code="2">rvk</subfield></datafield><datafield ind1=" " ind2=" " tag="084"><subfield code="a">LI 17405</subfield><subfield code="2">rvk</subfield></datafield><datafield ind1=" " ind2=" " tag="084"><subfield code="a">LI 17406</subfield><subfield code="2">rvk</subfield></datafield><datafield ind1=" " ind2=" " tag="084"><subfield code="a">LI 17400</subfield><subfield code="2">rvk</subfield></datafield><datafield ind1="1" ind2=" " tag="100"><subfield code="a">Nooteboom, Cees</subfield><subfield code="d">1933-</subfield><subfield code="0">(DE-588)119049422</subfield><subfield code="e">Verfasser</subfield><subfield code="4">aut</subfield><subfield code="6">880-01</subfield></datafield><datafield ind1="1" ind2=" " tag="880"><subfield code="6">100-01</subfield><subfield code="a">Nooteboom, Cees</subfield><subfield code="d">1933-....</subfield><subfield code="0">(IDREF)028311132</subfield><subfield code="4">cre</subfield></datafield><datafield ind1="1" ind2="0" tag="245"><subfield code="a">Reisen zu Hieronymus Bosch</subfield><subfield code="b">eine düstere Vorahnung</subfield><subfield code="c">Cees Nooteboom ; aus dem Niederländischen von Helga van Beuningen</subfield></datafield><datafield ind1=" " ind2="1" tag="264"><subfield code="a">München</subfield><subfield code="b">Schirmer/Mosel</subfield><subfield code="c">[2016]</subfield></datafield><datafield ind1=" " ind2=" " tag="300"><subfield code="a">77 S.</subfield><subfield code="b">Farbabb.</subfield><subfield code="c">25 cm</subfield></datafield><datafield ind1=" " ind2=" " tag="336"><subfield code="b">sti</subfield><subfield code="2">rdacontent</subfield></datafield><datafield ind1=" " ind2=" " tag="336"><subfield code="b">txt</subfield><subfield code="2">rdacontent</subfield></datafield><datafield ind1=" " ind2=" " tag="337"><subfield code="b">n</subfield><subfield code="2">rdamedia</subfield></datafield><datafield ind1=" " ind2=" " tag="338"><subfield code="b">nc</subfield><subfield code="2">rdacarrier</subfield></datafield><datafield ind1="1" ind2="7" tag="600"><subfield code="a">Bosch, Hieronymus</subfield><subfield code="d">1450-1516</subfield><subfield code="0">(DE-588)11851380X</subfield><subfield code="2">gnd</subfield></datafield><datafield ind1="1" ind2="7" tag="600"><subfield code="a">Bosch, Jérôme</subfield><subfield code="d">1450?-1516</subfield><subfield code="0">(IDREF)02727280X</subfield><subfield code="2">idref</subfield></datafield><datafield ind1=" " ind2="7" tag="650"><subfield code="a">Malerei</subfield><subfield code="0">(DE-588)4037220-0</subfield><subfield code="2">gnd</subfield></datafield><datafield ind1=" " ind2="7" tag="650"><subfield code="a">Illustrations</subfield><subfield code="0">(IDREF)027791785</subfield><subfield code="2">idref</subfield></datafield><datafield ind1=" " ind2="7" tag="650"><subfield code="a">Signes et symboles</subfield><subfield code="0">(IDREF)027318516</subfield><subfield code="2">idref</subfield></datafield><datafield ind1="1" ind2=" " tag="700"><subfield code="a">Beuningen, Helga &lt;&lt;van&gt;&gt;</subfield><subfield code="d">1945-</subfield><subfield code="0">(DE-588)111047102</subfield><subfield code="e">Übersetzer</subfield><subfield code="4">trl</subfield></datafield><datafield ind1="4" ind2=" " tag="856"><subfield code="3">Titelblatt und Inhaltsverzeichnis</subfield><subfield code="u">https://toc.library.ethz.ch/objects/pdf03/z01_978-3-8296-0746-9_01.pdf</subfield><subfield code="q">pdf</subfield></datafield><datafield ind1=" " ind2=" " tag="900"><subfield code="a">IDSZ2zbzmon201708l</subfield><subfield code="c">IDSZ2murd</subfield><subfield code="d">IDSZ2zbzswk201709g</subfield><subfield code="e">IDSZ2schl</subfield></datafield><datafield ind1=" " ind2=" " tag="900"><subfield code="a">REROnoselfmerge</subfield></datafield><datafield ind1=" " ind2=" " tag="949"><subfield code="a">https://toc.library.ethz.ch/objects/pdf03/z01_978-3-8296-0746-9_01.pdf</subfield></datafield><datafield ind1=" " ind2=" " tag="993"><subfield code="a">BFLA 269389</subfield><subfield code="x">ge/ulha/a/16/0512</subfield><subfield code="9">LOCAL</subfield></datafield></record>
</metadata></record>