<record><header><identifier>oai:alma.41SLSP_UGE:991000030699705502</identifier><datestamp>2023-03-01T01:09:18Z</datestamp><setSpec>uge_bcen_RapidILL_BOOK</setSpec><setSpec>uge_aaca_RapidILL_BOOK</setSpec><setSpec>uge_abels_RapidILL_BOOK</setSpec><setSpec>uge_dbu_RapidILL_BOOK</setSpec><setSpec>uge_cmu_RapidILL_BOOK</setSpec><setSpec>uge_mail_RapidILL_BOOK</setSpec><setSpec>UNIGE_ALL</setSpec><setSpec>uge_abbat_RapidILL_BOOK</setSpec><setSpec>uge_aobs_RapidILL_BOOK</setSpec><setSpec>uge_acar_RapidILL_BOOK</setSpec></header><metadata>
<record xmlns="http://www.loc.gov/MARC21/slim" xmlns:xsi="http://www.w3.org/2001/XMLSchema-instance" xsi:schemaLocation="http://www.loc.gov/MARC21/slim http://www.loc.gov/standards/marcxml/schema/MARC21slim.xsd"><leader>01386nam a2200325 c 4500</leader><controlfield tag="001">991000030699705502</controlfield><controlfield tag="005">20230121193833.0</controlfield><controlfield tag="008">010122s1972    sz ||||| |||| 00| ||fre d</controlfield><datafield ind1="7" ind2=" " tag="024"><subfield code="a">http://catalogue.bnf.fr/ark:/12148/cb37449305k</subfield><subfield code="2">uri</subfield></datafield><datafield ind1=" " ind2=" " tag="035"><subfield code="a">(swissbib)088589919-41slsp_network</subfield></datafield><datafield ind1=" " ind2=" " tag="035"><subfield code="a">088589919</subfield><subfield code="9">ExL</subfield></datafield><datafield ind1=" " ind2=" " tag="035"><subfield code="a">(RERO)1831539-41slsp</subfield></datafield><datafield ind1=" " ind2=" " tag="035"><subfield code="a">(EXLNZ-41SLSP_NETWORK)991112408169705501</subfield></datafield><datafield ind1=" " ind2=" " tag="040"><subfield code="a">RERO gevbpu</subfield><subfield code="d">CH-ZuSLS</subfield></datafield><datafield ind1=" " ind2=" " tag="044"><subfield code="a">sz</subfield><subfield code="c">ch-ge</subfield></datafield><datafield ind1=" " ind2="7" tag="072"><subfield code="a">mu</subfield><subfield code="2">rero</subfield></datafield><datafield ind1="0" ind2="0" tag="245"><subfield code="a">Chansons populaires de Crète occidentale</subfield><subfield code="c">recueillies avec le concours de Aglaia Ayoutanti et Despina Mazaraki ; transcrites et publ. avec une introd. et des notes par Samuel Baud-Bovy</subfield></datafield><datafield ind1=" " ind2="1" tag="264"><subfield code="a">Genève</subfield><subfield code="b">Minkoff</subfield><subfield code="c">1972</subfield></datafield><datafield ind1=" " ind2=" " tag="300"><subfield code="a">XI, 310 p.</subfield><subfield code="b">ill.</subfield><subfield code="c">31 cm</subfield><subfield code="e">1 disque</subfield></datafield><datafield ind1=" " ind2=" " tag="336"><subfield code="b">txt</subfield><subfield code="2">rdacontent</subfield></datafield><datafield ind1=" " ind2=" " tag="337"><subfield code="b">n</subfield><subfield code="2">rdamedia</subfield></datafield><datafield ind1=" " ind2=" " tag="338"><subfield code="b">nc</subfield><subfield code="2">rdacarrier</subfield></datafield><datafield ind1="1" ind2=" " tag="490"><subfield code="a">Archives musicales du folklore de Madame Merlier</subfield></datafield><datafield ind1=" " ind2=" " tag="500"><subfield code="a">Le disque contient des enregistrements effectués en Crète occidentale en 1954</subfield></datafield><datafield ind1=" " ind2="7" tag="650"><subfield code="a">chanson grecque crétoise</subfield><subfield code="0">(RERO)A009974155</subfield><subfield code="2">rerovoc</subfield></datafield><datafield ind1=" " ind2="7" tag="655"><subfield code="a">Anthologies</subfield><subfield code="0">(IDREF)027269493</subfield><subfield code="2">idref</subfield></datafield><datafield ind1="1" ind2=" " tag="700"><subfield code="a">Ayoutanti, Aglaia</subfield><subfield code="0">(IDREF)057229198</subfield></datafield><datafield ind1="1" ind2=" " tag="700"><subfield code="a">Baud-Bovy, Samuel</subfield><subfield code="d">1906-1986</subfield><subfield code="0">(IDREF)033863482</subfield></datafield><datafield ind1="1" ind2=" " tag="700"><subfield code="a">Mazarákī, Déspoina B.</subfield><subfield code="d">1914-1989</subfield><subfield code="0">(IDREF)033873658</subfield></datafield><datafield ind1=" " ind2=" " tag="830"><subfield code="a">Archives musicales de folklore de Madame Merlier</subfield><subfield code="w">(RERO)1831526-41slsp</subfield></datafield><datafield ind1=" " ind2=" " tag="900"><subfield code="a">REROnoselfmerge</subfield></datafield><datafield ind1=" " ind2=" " tag="960"><subfield code="2">matmu</subfield><subfield code="a">Grèce ; Hellénisme ; Chanson populaire ; Crète ; Folklore ; Ethnomusicologie</subfield><subfield code="9">LOCAL</subfield></datafield></record>
</metadata></record>