<record><header><identifier>oai:alma.41SLSP_UGE:991000030179705502</identifier><datestamp>2023-03-01T01:09:18Z</datestamp><setSpec>uge_bcen_RapidILL_BOOK</setSpec><setSpec>uge_aaca_RapidILL_BOOK</setSpec><setSpec>uge_abels_RapidILL_BOOK</setSpec><setSpec>uge_dbu_RapidILL_BOOK</setSpec><setSpec>uge_cmu_RapidILL_BOOK</setSpec><setSpec>uge_mail_RapidILL_BOOK</setSpec><setSpec>UNIGE_ALL</setSpec><setSpec>uge_abbat_RapidILL_BOOK</setSpec><setSpec>uge_aobs_RapidILL_BOOK</setSpec><setSpec>uge_acar_RapidILL_BOOK</setSpec></header><metadata>
<record xmlns="http://www.loc.gov/MARC21/slim" xmlns:xsi="http://www.w3.org/2001/XMLSchema-instance" xsi:schemaLocation="http://www.loc.gov/MARC21/slim http://www.loc.gov/standards/marcxml/schema/MARC21slim.xsd"><leader>01485nam a2200397 c 4500</leader><controlfield tag="001">991000030179705502</controlfield><controlfield tag="005">20210206193636.0</controlfield><controlfield tag="008">201011s1972    xxu||||| |||| 00| ||eng d</controlfield><datafield ind1=" " ind2=" " tag="019"><subfield code="a">SPI Retro 626341</subfield></datafield><datafield ind1=" " ind2=" " tag="020"><subfield code="a">0306398036</subfield></datafield><datafield ind1=" " ind2=" " tag="035"><subfield code="a">(swissbib)224840525-41slsp_network</subfield></datafield><datafield ind1=" " ind2=" " tag="035"><subfield code="a">224840525</subfield><subfield code="9">ExL</subfield></datafield><datafield ind1=" " ind2=" " tag="035"><subfield code="a">(RERO)0635562-41slsp</subfield></datafield><datafield ind1=" " ind2=" " tag="035"><subfield code="a">(IDSLU)000659067ILU01</subfield></datafield><datafield ind1=" " ind2=" " tag="035"><subfield code="a">(NEBIS)004345238EBI01</subfield></datafield><datafield ind1=" " ind2=" " tag="035"><subfield code="a">(EXLNZ-41SLSP_NETWORK)991041966859705501</subfield></datafield><datafield ind1=" " ind2=" " tag="040"><subfield code="a">RERO geucmu</subfield><subfield code="d">CH-ZuSLS</subfield></datafield><datafield ind1=" " ind2="7" tag="072"><subfield code="a">me</subfield><subfield code="2">rero</subfield></datafield><datafield ind1="0" ind2="0" tag="245"><subfield code="a">Passive Permeability of Cell Membranes</subfield><subfield code="b">a satellite symposium of the XXV International Congress of Physiological Sciences, Munich, Germany, July 25-31, 1971, held in Rotterdam, July 20-22, 1971</subfield><subfield code="c">ed. by F. Kreuzer and J. F. G. Slegers</subfield></datafield><datafield ind1=" " ind2="1" tag="264"><subfield code="a">New York</subfield><subfield code="a">London</subfield><subfield code="b">Plenum Press</subfield><subfield code="c">1972</subfield></datafield><datafield ind1=" " ind2=" " tag="300"><subfield code="a">XVII, 519 S.</subfield><subfield code="b">Ill., Tab., Diagr.</subfield><subfield code="c">24 cm</subfield></datafield><datafield ind1=" " ind2=" " tag="336"><subfield code="b">txt</subfield><subfield code="2">rdacontent</subfield></datafield><datafield ind1=" " ind2=" " tag="337"><subfield code="b">n</subfield><subfield code="2">rdamedia</subfield></datafield><datafield ind1=" " ind2=" " tag="338"><subfield code="b">nc</subfield><subfield code="2">rdacarrier</subfield></datafield><datafield ind1="1" ind2=" " tag="490"><subfield code="a">Biomembranes</subfield><subfield code="v">vol. 3</subfield></datafield><datafield ind1=" " ind2=" " tag="500"><subfield code="a">Congrès de Médecine. Rotterdam. 1971</subfield></datafield><datafield ind1=" " ind2="2" tag="650"><subfield code="a">Cell Membrane Permeability</subfield></datafield><datafield ind1=" " ind2="2" tag="650"><subfield code="a">Membranes, Artificial</subfield></datafield><datafield ind1=" " ind2="2" tag="650"><subfield code="a">Biological Transport</subfield></datafield><datafield ind1=" " ind2="2" tag="650"><subfield code="a">Diffusion</subfield></datafield><datafield ind1="1" ind2=" " tag="700"><subfield code="a">Kreuzer, F.</subfield></datafield><datafield ind1="1" ind2=" " tag="700"><subfield code="a">Kreuzer, Ferdinand</subfield><subfield code="d">1919-2005</subfield><subfield code="0">(DE-588)172212294</subfield><subfield code="6">880-02</subfield></datafield><datafield ind1="1" ind2=" " tag="880"><subfield code="6">700-02</subfield><subfield code="a">Kreuzer, Ferdinand Josef Alexander</subfield><subfield code="d">1919-....</subfield><subfield code="0">(IDREF)130684953</subfield></datafield><datafield ind1="1" ind2=" " tag="700"><subfield code="a">Slegers, J. F. G</subfield><subfield code="0">(RERO)A003837584</subfield></datafield><datafield ind1=" " ind2="0" tag="830"><subfield code="a">Biomembranes</subfield><subfield code="p">Plenum Press</subfield><subfield code="v">3</subfield><subfield code="w">(NEBIS)000979395EBI01</subfield></datafield><datafield ind1=" " ind2=" " tag="900"><subfield code="a">REROnoselfmerge</subfield></datafield><datafield ind1=" " ind2=" " tag="900"><subfield code="a">IDSERSPInew</subfield></datafield></record>
</metadata></record>