<record><header><identifier>oai:alma.41SLSP_UGE:991000029989705502</identifier><datestamp>2023-03-01T01:09:18Z</datestamp><setSpec>uge_bcen_RapidILL_BOOK</setSpec><setSpec>uge_aaca_RapidILL_BOOK</setSpec><setSpec>uge_abels_RapidILL_BOOK</setSpec><setSpec>uge_dbu_RapidILL_BOOK</setSpec><setSpec>uge_cmu_RapidILL_BOOK</setSpec><setSpec>uge_mail_RapidILL_BOOK</setSpec><setSpec>UNIGE_ALL</setSpec><setSpec>uge_abbat_RapidILL_BOOK</setSpec><setSpec>uge_aobs_RapidILL_BOOK</setSpec><setSpec>uge_acar_RapidILL_BOOK</setSpec></header><metadata>
<record xmlns="http://www.loc.gov/MARC21/slim" xmlns:xsi="http://www.w3.org/2001/XMLSchema-instance" xsi:schemaLocation="http://www.loc.gov/MARC21/slim http://www.loc.gov/standards/marcxml/schema/MARC21slim.xsd"><leader>01563nam a22003732c 4500</leader><controlfield tag="001">991000029989705502</controlfield><controlfield tag="005">20201227164303.0</controlfield><controlfield tag="008">160606s1994    ja ||||| |||| 00| ||jpn d</controlfield><datafield ind1=" " ind2=" " tag="020"><subfield code="a">4005002366</subfield></datafield><datafield ind1=" " ind2=" " tag="020"><subfield code="a">9784005002368</subfield></datafield><datafield ind1=" " ind2=" " tag="035"><subfield code="a">(swissbib)122956508-41slsp_network</subfield></datafield><datafield ind1=" " ind2=" " tag="035"><subfield code="a">122956508</subfield><subfield code="9">ExL</subfield></datafield><datafield ind1=" " ind2=" " tag="035"><subfield code="a">(RERO)R008441967-41slsp</subfield></datafield><datafield ind1=" " ind2=" " tag="035"><subfield code="a">(EXLNZ-41SLSP_NETWORK)991031723489705501</subfield></datafield><datafield ind1=" " ind2=" " tag="040"><subfield code="a">LNQ</subfield><subfield code="d">CH-ZuSLS</subfield></datafield><datafield ind1=" " ind2="4" tag="050"><subfield code="a">PL727.65.S4</subfield><subfield code="b">Y66 1994</subfield></datafield><datafield ind1=" " ind2="7" tag="072"><subfield code="a">or</subfield><subfield code="2">rero</subfield></datafield><datafield ind1="1" ind2=" " tag="100"><subfield code="6">880-01</subfield><subfield code="a">Yonekawa, Chikako</subfield><subfield code="d">1959-….</subfield><subfield code="0">(IDREF)244135789</subfield><subfield code="4">cre</subfield></datafield><datafield ind1="0" ind2=" " tag="880"><subfield code="6">100-01/$1</subfield><subfield code="a">米川千嘉子</subfield><subfield code="d">1959-</subfield></datafield><datafield ind1="1" ind2="0" tag="245"><subfield code="6">880-02</subfield><subfield code="a">Shiki no kotoba 100-wa</subfield><subfield code="c">Yonekawa Chikako cho</subfield></datafield><datafield ind1="1" ind2="0" tag="880"><subfield code="6">245-02/$1</subfield><subfield code="a">四季のことば100話</subfield><subfield code="c">米川千嘉子著</subfield></datafield><datafield ind1=" " ind2="1" tag="264"><subfield code="6">880-03</subfield><subfield code="a">Tōkyō</subfield><subfield code="b">Iwanami Shoten</subfield><subfield code="c">1994</subfield></datafield><datafield ind1=" " ind2="1" tag="880"><subfield code="6">264-03/$1</subfield><subfield code="a">東京</subfield><subfield code="b">岩波書店</subfield><subfield code="c">1994</subfield></datafield><datafield ind1=" " ind2=" " tag="300"><subfield code="a">ix, 207, 4 pages</subfield><subfield code="b">illustrations</subfield><subfield code="c">18 cm</subfield></datafield><datafield ind1=" " ind2=" " tag="336"><subfield code="b">txt</subfield><subfield code="2">rdacontent</subfield></datafield><datafield ind1=" " ind2=" " tag="337"><subfield code="b">n</subfield><subfield code="2">rdamedia</subfield></datafield><datafield ind1=" " ind2=" " tag="338"><subfield code="b">nc</subfield><subfield code="2">rdacarrier</subfield></datafield><datafield ind1="1" ind2=" " tag="490"><subfield code="6">880-04</subfield><subfield code="a">Iwanami junia shinsho</subfield><subfield code="v">236</subfield></datafield><datafield ind1="0" ind2=" " tag="880"><subfield code="6">490-04/$1</subfield><subfield code="a">岩波ジュニア新書</subfield><subfield code="v">236</subfield></datafield><datafield ind1=" " ind2="0" tag="650"><subfield code="a">Japanese poetry</subfield><subfield code="x">History and criticism</subfield></datafield><datafield ind1=" " ind2="0" tag="650"><subfield code="a">Seasons in literature</subfield></datafield><datafield ind1=" " ind2=" " tag="830"><subfield code="6">880-05</subfield><subfield code="a">Iwanami junia shinsho</subfield><subfield code="v">236</subfield><subfield code="w">(RERO)R007025755-41slsp</subfield></datafield><datafield ind1=" " ind2="0" tag="880"><subfield code="6">830-05/$1</subfield><subfield code="a">岩波ジュニア新書</subfield><subfield code="v">236</subfield></datafield><datafield ind1=" " ind2=" " tag="900"><subfield code="a">REROnoselfmerge</subfield></datafield><datafield ind1=" " ind2=" " tag="910"><subfield code="a">OCoLC</subfield><subfield code="b">20160606</subfield><subfield code="c">Droits réservés</subfield></datafield></record>
</metadata></record>