<record><header><identifier>oai:alma.41SLSP_UGE:991000030399705502</identifier><datestamp>2023-03-01T01:09:18Z</datestamp><setSpec>uge_bcen_RapidILL_BOOK</setSpec><setSpec>uge_aaca_RapidILL_BOOK</setSpec><setSpec>uge_abels_RapidILL_BOOK</setSpec><setSpec>uge_dbu_RapidILL_BOOK</setSpec><setSpec>uge_cmu_RapidILL_BOOK</setSpec><setSpec>uge_mail_RapidILL_BOOK</setSpec><setSpec>UNIGE_ALL</setSpec><setSpec>uge_abbat_RapidILL_BOOK</setSpec><setSpec>uge_aobs_RapidILL_BOOK</setSpec><setSpec>uge_acar_RapidILL_BOOK</setSpec></header><metadata>
<record xmlns="http://www.loc.gov/MARC21/slim" xmlns:xsi="http://www.w3.org/2001/XMLSchema-instance" xsi:schemaLocation="http://www.loc.gov/MARC21/slim http://www.loc.gov/standards/marcxml/schema/MARC21slim.xsd"><leader>01332nam a2200349 c 4500</leader><controlfield tag="001">991000030399705502</controlfield><controlfield tag="005">20201225182416.0</controlfield><controlfield tag="008">000816r19771923sz ||||| |||| 00| ||fre d</controlfield><datafield ind1="7" ind2=" " tag="024"><subfield code="a">http://catalogue.bnf.fr/ark:/12148/cb34606479s</subfield><subfield code="2">uri</subfield></datafield><datafield ind1=" " ind2=" " tag="035"><subfield code="a">(swissbib)089891988-41slsp_network</subfield></datafield><datafield ind1=" " ind2=" " tag="035"><subfield code="a">089891988</subfield><subfield code="9">ExL</subfield></datafield><datafield ind1=" " ind2=" " tag="035"><subfield code="a">(RERO)2012276-41slsp</subfield></datafield><datafield ind1=" " ind2=" " tag="035"><subfield code="a">(EXLNZ-41SLSP_NETWORK)991040663569705501</subfield></datafield><datafield ind1=" " ind2=" " tag="040"><subfield code="a">RERO geullg</subfield><subfield code="d">CH-ZuSLS</subfield></datafield><datafield ind1=" " ind2=" " tag="044"><subfield code="a">sz</subfield><subfield code="c">ch-ge</subfield></datafield><datafield ind1=" " ind2="7" tag="072"><subfield code="a">fr</subfield><subfield code="2">rero</subfield></datafield><datafield ind1="1" ind2=" " tag="100"><subfield code="a">Moréas, Jean</subfield><subfield code="d">1856-1910</subfield><subfield code="0">(IDREF)027037258</subfield><subfield code="4">cre</subfield></datafield><datafield ind1="1" ind2="0" tag="245"><subfield code="a">Oeuvres</subfield><subfield code="c">Jean Moréas</subfield></datafield><datafield ind1=" " ind2="1" tag="264"><subfield code="a">Genève</subfield><subfield code="b">Slatkine Reprints</subfield><subfield code="c">1977</subfield></datafield><datafield ind1=" " ind2=" " tag="300"><subfield code="a">2 t. en 1 vol.</subfield><subfield code="c">23 cm</subfield></datafield><datafield ind1=" " ind2=" " tag="336"><subfield code="b">txt</subfield><subfield code="2">rdacontent</subfield></datafield><datafield ind1=" " ind2=" " tag="337"><subfield code="b">n</subfield><subfield code="2">rdamedia</subfield></datafield><datafield ind1=" " ind2=" " tag="338"><subfield code="b">nc</subfield><subfield code="2">rdacarrier</subfield></datafield><datafield ind1="0" ind2=" " tag="505"><subfield code="a">Les Syrtes ; Les cantilènes ; Le pèlerin passionné ; Enone au clair visage et sylves ; Eriphyle et sylves nouvelles ; Les stances ; Iphigénie</subfield></datafield><datafield ind1=" " ind2=" " tag="534"><subfield code="p">Reprod. de l'éd. de:</subfield><subfield code="c">Paris : Mercure de France, 1923-1926</subfield></datafield><datafield ind1="1" ind2="2" tag="700"><subfield code="a">Moréas, Jean</subfield><subfield code="t">&lt;&lt;Les&gt;&gt; Syrtes</subfield></datafield><datafield ind1="1" ind2="2" tag="700"><subfield code="a">Moréas, Jean</subfield><subfield code="t">&lt;&lt;Les&gt;&gt; cantilènes</subfield></datafield><datafield ind1="1" ind2="2" tag="700"><subfield code="a">Moréas, Jean</subfield><subfield code="t">&lt;&lt;Le&gt;&gt; pèlerin passionné</subfield></datafield><datafield ind1="1" ind2="2" tag="700"><subfield code="a">Moréas, Jean</subfield><subfield code="t">Enone au clair visage et sylves</subfield></datafield><datafield ind1="1" ind2="2" tag="700"><subfield code="a">Moréas, Jean</subfield><subfield code="t">Eriphyle et sylves nouvelles</subfield></datafield><datafield ind1="1" ind2="2" tag="700"><subfield code="a">Moréas, Jean</subfield><subfield code="t">&lt;&lt;Les&gt;&gt; stances</subfield></datafield><datafield ind1="1" ind2="2" tag="700"><subfield code="a">Moréas, Jean</subfield><subfield code="t">Iphigénie</subfield></datafield><datafield ind1=" " ind2=" " tag="900"><subfield code="a">REROnoselfmerge</subfield></datafield></record>
</metadata></record>